=LDR  02169naa a2200517 i 4500
=001  b0000003205279
=005  20200502060041.5
=008  141001s2014\\\\pl\\\\\\\\\\\|000\0\pol\\
=009  991028799259705066
=035  \\$a(EXLNZ-48OMNIS_NETWORK)9910383634205606
=035  \\$a(OCoLC)899935793
=035  \\$a(PL)b0000003205279
=035  \\$a(PL-WaBN)b32052790-48omnis_nlop
=035  \\$a991028799259705066
=035  \\$ab32052790
=040  \\$aWA N$cWA N
=041  0\$apol$beng$bger
=100  1\$aSmolorz, Michał$d(1955-2013)$1http://viaf.org/viaf/166769609
=245  10$aZdzisław Grudzień - śląsko-zagłębiowski "Cysorz" /$cMichał Smolorz.
=260  \\$c2014.
=336  \\$aTekst$btxt$2rdacontent
=337  \\$aBez urządzenia pośredniczącego$bn$2rdamedia
=338  \\$aWolumin$bnc$2rdacarrier
=380  \\$iMajor genre$aLiterature$leng
=380  \\$aArtykuły
=381  \\$iMajor genre$aOther$leng
=546  \\$aStreszcz. ang., niem.
=600  17$aGrudzień, Zdzisław$d(1924-1982)$2DBN$1http://viaf.org/viaf/166362854
=600  17$aSmolorz, Michał$d(1955-2013)$2DBN$1http://viaf.org/viaf/166769609
=610  27$aPZPR$2DBN
=648  \7$a1901-2000$2DBN
=648  \7$a1945-1989$2DBN
=651  \7$aKatowice (woj. śląskie ; okręg)$y1956-1989 r.$2DBN
=655  \7$aPamiętniki polskie$y1956-1989 r.$2DBN
=773  0\$iW:$tOni decydowali na Górnym Śląsku w XX wieku : praca zbiorowa,$gs. 165-168
=856  42$uhttp://libri.ucl.cas.cz/Record/b0000003205003$ychapter of: Oni decydowali na Górnym Śląsku w XX wieku : praca zbiorowa, Katowice: Archiwum Państwowe, Rybnik: Stowarzyszenie Humanistyczne "Europa, Śląsk, Świat Najmniejszy", Zabrze: Agencja Reklamowo-Wydawnicza Illustris Damian Halmer 2014
=902  \\$a170217$c141001$dm$eb$f-$g0
=909  \\$ab0000032052790
=916  \\$aSmolorz, Michał   (1955-2013)
=951  \7$aKatowice (woj. śląskie ; okręg)$y1956-1989 r.$2DBN
=955  \7$aPamiętniki polskie$y1956-1989 r.$2DBN
=980  \\$aArtykuły
=995  \\$aPolska Bibliografia Literacka$bPBL 2013-2020: rozdziały książek
=996  \\$a.b32052790$9local
=998  \\$ao$av$9local
=999  \\$azk$bsr

