=LDR  01817naa a2200457 i 4500
=001  b0000003205624
=005  20200502060124.3
=008  141001s2013\\\\pl\\\\\\\\\\\|000\0\pol\\
=009  991028812819705066
=035  \\$a(EXLNZ-48OMNIS_NETWORK)9910331554105606
=035  \\$a(OCoLC)899936862
=035  \\$a(PL)b0000003205624
=035  \\$a(PL-WaBN)b32056242-48omnis_nlop
=035  \\$a991028812819705066
=035  \\$ab32056242
=040  \\$aWA N$cWA N$dWA N
=100  1\$aPodwysocka-Modrzejewska, Jowita
=245  10$aWokół problemów edycji wierszy dla dorosłych Jana Brzechwy /$cJowita Podwysocka-Modrzejewska.
=260  \\$c2013.
=336  \\$aTekst$btxt$2rdacontent
=337  \\$aBez urządzenia pośredniczącego$bn$2rdamedia
=338  \\$aWolumin$bnc$2rdacarrier
=380  \\$iMajor genre$aLiterature$leng
=380  \\$aArtykuły
=381  \\$iMajor genre$aLyrical poetry$leng
=504  \\$aBibliogr. s. 51-52.
=600  17$aBrzechwa, Jan$d(1900-1966)$xwydawnictwa i rękopisy$2DBN$1http://viaf.org/viaf/37043316
=648  \7$a1901-2000$2DBN
=650  \7$aEdytorstwo$zPolska$y20 w.$2DBN
=655  \7$aPoezja polska$xhistoria$y20 w.$2DBN
=773  0\$iW:$aWarsztaty Młodych Edytorów (11 ; 2013 ; Rabka).$tWarsztaty Młodych Edytorów, Rabka 2013,$gs. 43-52
=856  42$uhttp://libri.ucl.cas.cz/Record/b0000003205285$ychapter of: Warsztaty Młodych Edytorów, Rabka 2013, Rabka, Kraków: Przygotowalnia Pracownia DTP i Grafiki 2013
=902  \\$a170217$c141001$dm$eb$f-$g0
=909  \\$ab0000032056242
=916  \\$aPodwysocka-Modrzejewska, Jowita
=955  \7$aPoezja polska$xhistoria$y20 w.$2DBN
=980  \\$aArtykuły
=995  \\$aPolska Bibliografia Literacka$bPBL 2013-2020: rozdziały książek
=996  \\$a.b32056242$9local
=998  \\$ao$av$9local
=999  \\$azk$bkcm

