=LDR  01922naa a2200493 i 4500
=001  b0000003205670
=005  20200502060028.6
=008  141001s2013\\\\pl\\\\\\\\\\\|000\0\pol\\
=009  991028814509705066
=035  \\$a(EXLNZ-48OMNIS_NETWORK)9910221012405606
=035  \\$a(OCoLC)899935913
=035  \\$a(PL)b0000003205670
=035  \\$a(PL-WaBN)b32056709-48omnis_nlop
=035  \\$a991028814509705066
=035  \\$ab32056709
=040  \\$aWA N$cWA N
=100  1\$aProkopczyk, Beata$c(filolog)
=245  10$aOdmiany tekstu i problemy edycji wybranych sielanek Franciszka Dionizego Kniaźnina /$cBeata Prokopczyk.
=260  \\$c2013.
=336  \\$aTekst$btxt$2rdacontent
=337  \\$aBez urządzenia pośredniczącego$bn$2rdamedia
=338  \\$aWolumin$bnc$2rdacarrier
=380  \\$iMajor genre$aLiterature$leng
=380  \\$aArtykuły
=381  \\$iMajor genre$aOther$leng
=504  \\$aBibliogr. s. 82-83.
=600  17$aKniaźnin, Franciszek Dionizy$d(1750-1807)$xwydawnictwa i rękopisy$2DBN$1http://viaf.org/viaf/29611046
=648  \7$a1701-1800$2DBN
=648  \7$a1801-1900$2DBN
=648  \7$a1901-2000$2DBN
=648  \7$a2001-$2DBN
=650  \7$aEdytorstwo$zPolska$y18-21 w.$2DBN
=655  \7$aSielanka polska$xhistoria$y18-19 w.$2DBN
=773  0\$iW:$aWarsztaty Młodych Edytorów (11 ; 2013 ; Rabka).$tWarsztaty Młodych Edytorów, Rabka 2013,$gs. 73-83.
=856  42$uhttp://libri.ucl.cas.cz/Record/b0000003205285$ychapter of: Warsztaty Młodych Edytorów, Rabka 2013, Rabka, Kraków: Przygotowalnia Pracownia DTP i Grafiki 2013
=902  \\$a170217$c141001$dm$eb$f-$g0
=909  \\$ab0000032056709
=916  \\$aProkopczyk, Beata  (filolog)
=955  \7$aSielanka polska$xhistoria$y18-19 w.$2DBN
=980  \\$aArtykuły
=995  \\$aPolska Bibliografia Literacka$bPBL 2013-2020: rozdziały książek
=996  \\$a.b32056709$9local
=998  \\$ao$av$9local
=999  \\$azk$bkcm

