=LDR  01637naa a2200421 i 4500
=001  b0000003205679
=005  20200502060132.7
=008  141001s2013\\\\pl\\\\\\\\\\\|000\0\pol\\
=009  991028814869705066
=035  \\$a(EXLNZ-48OMNIS_NETWORK)9910239626705606
=035  \\$a(OCoLC)899937008
=035  \\$a(PL)b0000003205679
=035  \\$a(PL-WaBN)b32056795-48omnis_nlop
=035  \\$a991028814869705066
=035  \\$ab32056795
=040  \\$aWA N$cWA N
=100  1\$aStaroń, Justyna
=245  10$aBiografie Buczkowskiego :$b(w świetle zachowanych archiwaliów i wspomnień) /$cJustyna Staroń.
=260  \\$c2013.
=336  \\$aTekst$btxt$2rdacontent
=337  \\$aBez urządzenia pośredniczącego$bn$2rdamedia
=338  \\$aWolumin$bnc$2rdacarrier
=380  \\$aArtykuły
=504  \\$aBibliogr. s. 93-94.
=600  17$aBuczkowski, Leopold$d(1905-1989)$xhistoriografia polska$2DBN$1http://viaf.org/viaf/61578462
=648  \7$a1901-2000$2DBN
=650  \7$aHistoriografia polska$y20 w.$2DBN
=650  \7$aPisarze polscy$y20 w.$2DBN
=773  0\$iW:$aWarsztaty Młodych Edytorów (11 ; 2013 ; Rabka).$tWarsztaty Młodych Edytorów, Rabka 2013,$gs. 85-94
=856  42$uhttp://libri.ucl.cas.cz/Record/b0000003205285$ychapter of: Warsztaty Młodych Edytorów, Rabka 2013, Rabka, Kraków: Przygotowalnia Pracownia DTP i Grafiki 2013
=902  \\$a170217$c141001$dm$eb$f-$g0
=909  \\$ab0000032056795
=916  \\$aStaroń, Justyna
=980  \\$aArtykuły
=995  \\$aPolska Bibliografia Literacka$bPBL 2013-2020: rozdziały książek
=996  \\$a.b32056795$9local
=998  \\$ao$av$9local
=999  \\$azk$bkcm$cbp

