=LDR  01959naa a2200493 i 4500
=001  b0000003205693
=005  20200501071342.4
=008  141001s2013\\\\pl\\\\\\\\\\\|000\0\pol\\
=009  991028815399705066
=035  \\$a(EXLNZ-48OMNIS_NETWORK)9910024675305606
=035  \\$a(OCoLC)899937032
=035  \\$a(PL)b0000003205693
=035  \\$a(PL-WaBN)b3205693x-48omnis_nlop
=035  \\$a991028815399705066
=035  \\$ab3205693x
=040  \\$aWA N$cWA N
=100  1\$aWszołek, Jadwiga
=245  10$aIlustracje w polskich wydaniach "Alicji w Krainie Czarów" /$cJadwiga Wszołek.
=260  \\$c2013.
=336  \\$aTekst$btxt$2rdacontent
=337  \\$aBez urządzenia pośredniczącego$bn$2rdamedia
=338  \\$aWolumin$bnc$2rdacarrier
=380  \\$iMajor genre$aLiterature$leng
=380  \\$aArtykuły
=381  \\$iMajor genre$aFiction$leng
=504  \\$aBibliogr. s. 105-109.
=600  17$aCarroll, Lewis$d(1832-1898).$tAlice's adventures in Wonderland$2DBN$1http://viaf.org/viaf/66462036
=648  \7$a1801-1900$2DBN
=648  \7$a1901-2000$2DBN
=648  \7$a2001-$2DBN
=655  \7$aIlustracje dla dzieci$xhistoria$zPolska$y20-21 w.$2DBN
=655  \7$aPowieść dziecięca angielska$xhistoria$y19 w.$2DBN
=773  0\$iW:$aWarsztaty Młodych Edytorów (11 ; 2013 ; Rabka).$tWarsztaty Młodych Edytorów, Rabka 2013,$gs. 95-109
=856  42$uhttp://libri.ucl.cas.cz/Record/b0000003205285$ychapter of: Warsztaty Młodych Edytorów, Rabka 2013, Rabka, Kraków: Przygotowalnia Pracownia DTP i Grafiki 2013
=902  \\$a170217$c141001$dm$eb$f-$g0
=909  \\$ab000003205693x
=916  \\$aWszołek, Jadwiga
=955  \7$aIlustracje dla dzieci$xhistoria$zPolska$y20-21 w.$2DBN
=955  \7$aPowieść dziecięca angielska$xhistoria$y19 w.$2DBN
=980  \\$aArtykuły
=995  \\$aPolska Bibliografia Literacka$bPBL 2013-2020: rozdziały książek
=996  \\$a.b3205693x$9local
=998  \\$ao$av$9local
=999  \\$azk$bkcm

