=LDR  02052naa a2200457 i 4500
=001  b0000003205732
=005  20200501071355.7
=008  141001s2014\\\\pl\\\\\\\\\\\|000\0\pol\\
=009  991028817009705066
=035  \\$a(EXLNZ-48OMNIS_NETWORK)9910066729305606
=035  \\$a(OCoLC)899937052
=035  \\$a(PL)b0000003205732
=035  \\$a(PL-WaBN)b32057325-48omnis_nlop
=035  \\$a991028817009705066
=035  \\$ab32057325
=040  \\$aWA N$cWA N
=100  1\$aKutta, Janusz$d(1939- )$1http://viaf.org/viaf/17639072
=245  10$aSłowo o Henryku Sienkiewiczu /$cJanusz Kutta.
=260  \\$c2014.
=336  \\$aTekst$btxt$2rdacontent
=337  \\$aBez urządzenia pośredniczącego$bn$2rdamedia
=338  \\$aWolumin$bnc$2rdacarrier
=380  \\$iMajor genre$aLiterature$leng
=380  \\$aArtykuły
=381  \\$iMajor genre$aOther$leng
=648  \7$a1801-1900$2DBN
=648  \7$a1901-2000$2DBN
=650  \7$aPisarze polscy$y19-20 w.$2DBN
=650  \7$aSienkiewicz, Henryk$d(1846-1916)$xa Bydgoszcz (woj. kujawsko-pomorskie)$2DBN
=655  \7$aBiografia$2DBN
=773  0\$iW:$aKongres Stowarzyszeń Regionalnych (10 ; 2014 ; Bydgoszcz).$tRegionalizm polski : 25 lat po transformacji jako ważne źródło odrodzenia narodu i państwa : X Kongres Stowarzyszeń Regionalnych w Bydgoszczy, Bydgoszcz, 11-13 września 2014 r. : referaty i prezentacje,$gs. 9-18
=856  42$uhttp://libri.ucl.cas.cz/Record/b0000003205713$ychapter of: Regionalizm polski : 25 lat po transformacji jako ważne źródło odrodzenia narodu i państwa : X Kongres Stowarzyszeń Regionalnych w Bydgoszczy, Bydgoszcz, 11-13 września 2014 r. : referaty i prezentacje, Bydgoszcz: Towarzystwo Miłośników Miasta Bydgoszczy 2014
=902  \\$a170217$c141001$dm$eb$f-$g0
=909  \\$ab0000032057325
=916  \\$aKutta, Janusz   (1939- )
=955  \7$aBiografia$2DBN
=980  \\$aArtykuły
=995  \\$aPolska Bibliografia Literacka$bPBL 2013-2020: rozdziały książek
=996  \\$a.b32057325$9local
=998  \\$ao$av$9local
=999  \\$azk$bma

