=LDR  02179naa a2200457 i 4500
=001  b0000003205741
=005  20200502060101.7
=008  141001s2014\\\\pl\\\\\\\\\\\|000\0\pol\\
=009  991028817389705066
=035  \\$a(EXLNZ-48OMNIS_NETWORK)9910313617605606
=035  \\$a(OCoLC)899937162
=035  \\$a(PL)b0000003205741
=035  \\$a(PL-WaBN)b32057416-48omnis_nlop
=035  \\$a991028817389705066
=035  \\$ab32057416
=040  \\$aWA N$cWA N
=100  1\$aBurdziej, Bogdan$d(1954- )$1http://viaf.org/viaf/25012927
=245  10$aZ domów niewoli na Jasną Górę błogosławieństw :$blos człowieka w pismach Władysława St. Reymonta /$cBogdan Burdziej.
=260  \\$c2014.
=336  \\$aTekst$btxt$2rdacontent
=337  \\$aBez urządzenia pośredniczącego$bn$2rdamedia
=338  \\$aWolumin$bnc$2rdacarrier
=380  \\$iMajor genre$aLiterature$leng
=380  \\$aArtykuły
=381  \\$iMajor genre$aFiction$leng
=648  \7$a1801-1900$2DBN
=648  \7$a1901-2000$2DBN
=650  \7$aRegionalizm$xw literaturze polskiej$2DBN
=650  \7$aReymont, Władysław Stanisław$d(1867-1925)$2DBN
=655  \7$aPowieść polska$xtematyka$y19-20 w.$2DBN
=773  0\$iW:$aKongres Stowarzyszeń Regionalnych (10 ; 2014 ; Bydgoszcz).$tRegionalizm polski : 25 lat po transformacji jako ważne źródło odrodzenia narodu i państwa : X Kongres Stowarzyszeń Regionalnych w Bydgoszczy, Bydgoszcz, 11-13 września 2014 r. : referaty i prezentacje,$gs. 19-26
=856  42$uhttp://libri.ucl.cas.cz/Record/b0000003205713$ychapter of: Regionalizm polski : 25 lat po transformacji jako ważne źródło odrodzenia narodu i państwa : X Kongres Stowarzyszeń Regionalnych w Bydgoszczy, Bydgoszcz, 11-13 września 2014 r. : referaty i prezentacje, Bydgoszcz: Towarzystwo Miłośników Miasta Bydgoszczy 2014
=902  \\$a170217$c141001$dm$eb$f-$g0
=909  \\$ab0000032057416
=916  \\$aBurdziej, Bogdan   (1954- )
=955  \7$aPowieść polska$xtematyka$y19-20 w.$2DBN
=980  \\$aArtykuły
=995  \\$aPolska Bibliografia Literacka$bPBL 2013-2020: rozdziały książek
=996  \\$a.b32057416$9local
=998  \\$ao$av$9local
=999  \\$azk$bma

