=LDR  01768naa a2200433 i 4500
=001  b0000003205751
=005  20200502060114.9
=008  141001s2014\\\\pl\\\\\\\\\\\|000\0\pol\\
=009  991028817719705066
=035  \\$a(EXLNZ-48OMNIS_NETWORK)9910267242205606
=035  \\$a(OCoLC)899937190
=035  \\$a(PL)b0000003205751
=035  \\$a(PL-WaBN)b32057519-48omnis_nlop
=035  \\$a991028817719705066
=035  \\$ab32057519
=040  \\$aWA N$cWA N
=100  1\$aKonefał, Sebastian Jakub
=245  10$aWyobraźnia zidealizowana czy fantazja na sprzedaż? :$bdwuznaczne inspiracje skandynawskimi sagami w kinie islandzkim /$cSebastian Jakub Konefał.
=260  \\$c2014.
=336  \\$aTekst$btxt$2rdacontent
=337  \\$aBez urządzenia pośredniczącego$bn$2rdamedia
=338  \\$aWolumin$bnc$2rdacarrier
=380  \\$iMajor genre$aLiterature$leng
=380  \\$aArtykuły
=381  \\$iMajor genre$aOther$leng
=655  \7$aFilm islandzki$xhistoria$2DBN
=655  \7$aSagi$xhistoria$2DBN
=773  0\$iW:$tAnatomia wyobraźni : 12 esejów o fantazjowaniu w kinie, telewizji, komiksach i literaturze popularnej,$gs. 109-128
=856  42$uhttp://libri.ucl.cas.cz/Record/b0000003205399$ychapter of: Anatomia wyobraźni : 12 esejów o fantazjowaniu w kinie, telewizji, komiksach i literaturze popularnej, Gdańsk: Gdański Klub Fantastyki, Gdańsk: Uniwersytet Gdański 2014
=902  \\$a170217$c141001$dm$eb$f-$g0
=909  \\$ab0000032057519
=916  \\$aKonefał, Sebastian Jakub
=955  \7$aFilm islandzki$xhistoria$2DBN
=955  \7$aSagi$xhistoria$2DBN
=980  \\$aArtykuły
=995  \\$aPolska Bibliografia Literacka$bPBL 2013-2020: rozdziały książek
=996  \\$a.b32057519$9local
=998  \\$ao$av$9local
=999  \\$azk$bdm

