=LDR  01918naa a2200469 i 4500
=001  b0000003205942
=005  20200502060100.8
=008  141002s2014\\\\pl\\\\\\\\\\\|000\0\pol\\
=009  991028824949705066
=035  \\$a(EXLNZ-48OMNIS_NETWORK)9910431825505606
=035  \\$a(OCoLC)899937660
=035  \\$a(PL)b0000003205942
=035  \\$a(PL-WaBN)b32059425-48omnis_nlop
=035  \\$a991028824949705066
=035  \\$ab32059425
=040  \\$aWA N$cWA N
=100  1\$aŻukowska, Elżbieta
=245  10$aMaria Moriewna, czyli Kilka słów o słowiańskiej wyobraźni /$cElżbieta Żukowska.
=246  30$aKilka słów o słowiańskiej wyobraźni
=260  \\$c2014.
=336  \\$aTekst$btxt$2rdacontent
=337  \\$aBez urządzenia pośredniczącego$bn$2rdamedia
=338  \\$aWolumin$bnc$2rdacarrier
=380  \\$iMajor genre$aLiterature$leng
=380  \\$aArtykuły
=381  \\$iMajor genre$aFiction$leng
=600  07$aMaria Moriewna$c(postać fikcyjna)$2DBN
=600  07$aValente, Catherynne M$d(1979- )$tDeathless$2DBN$1http://viaf.org/viaf/85792081
=648  \7$a2001-$2DBN
=655  \7$aPowieść amerykańska$xhistoria$y21 w.$2DBN
=773  0\$iW:$tAnatomia wyobraźni : 12 esejów o fantazjowaniu w kinie, telewizji, komiksach i literaturze popularnej,$gs. 169-180
=856  42$uhttp://libri.ucl.cas.cz/Record/b0000003205399$ychapter of: Anatomia wyobraźni : 12 esejów o fantazjowaniu w kinie, telewizji, komiksach i literaturze popularnej, Gdańsk: Gdański Klub Fantastyki, Gdańsk: Uniwersytet Gdański 2014
=902  \\$a180117$c141002$dm$eb$f-$g0
=909  \\$ab0000032059425
=916  \\$aŻukowska, Elżbieta
=955  \7$aPowieść amerykańska$xhistoria$y21 w.$2DBN
=980  \\$aArtykuły
=995  \\$aPolska Bibliografia Literacka$bPBL 2013-2020: rozdziały książek
=996  \\$a.b32059425$9local
=998  \\$ao$av$9local
=999  \\$aDBNd$bjka
=999  \\$azk$bdm

