=LDR  01741naa a2200421 i 4500
=001  b0000003205946
=005  20200502060058.8
=008  141002s2014\\\\pl\\\\\\\\\\\|000\0\pol\\
=009  991028825109705066
=035  \\$a(EXLNZ-48OMNIS_NETWORK)9910362188105606
=035  \\$a(OCoLC)899937673
=035  \\$a(PL)b0000003205946
=035  \\$a(PL-WaBN)b32059462-48omnis_nlop
=035  \\$a991028825109705066
=035  \\$ab32059462
=040  \\$aWA N$cWA N
=100  1\$aKaczor, Katarzyna$d(1973- )
=245  10$aBogactwo polskich światów fantasy :$bod braku nadziei ku eukatastrophe /$cKatarzyna Kaczor.
=260  \\$c2014.
=336  \\$aTekst$btxt$2rdacontent
=337  \\$aBez urządzenia pośredniczącego$bn$2rdamedia
=338  \\$aWolumin$bnc$2rdacarrier
=380  \\$iMajor genre$aLiterature$leng
=380  \\$aArtykuły
=381  \\$iMajor genre$aOther$leng
=504  \\$aBibliogr. s. 195-198.
=655  \7$aLiteratura fantastyczna polska$xhistoria$yod 1944 r.$2DBN
=773  0\$iW:$tAnatomia wyobraźni : 12 esejów o fantazjowaniu w kinie, telewizji, komiksach i literaturze popularnej,$gs. 181-198
=856  42$uhttp://libri.ucl.cas.cz/Record/b0000003205399$ychapter of: Anatomia wyobraźni : 12 esejów o fantazjowaniu w kinie, telewizji, komiksach i literaturze popularnej, Gdańsk: Gdański Klub Fantastyki, Gdańsk: Uniwersytet Gdański 2014
=902  \\$a170217$c141002$dm$eb$f-$g0
=909  \\$ab0000032059462
=916  \\$aKaczor, Katarzyna   (1973- )
=955  \7$aLiteratura fantastyczna polska$xhistoria$yod 1944 r.$2DBN
=980  \\$aArtykuły
=995  \\$aPolska Bibliografia Literacka$bPBL 2013-2020: rozdziały książek
=996  \\$a.b32059462$9local
=998  \\$ao$av$9local
=999  \\$azk$bdm

