=LDR  02042naa a2200469 i 4500
=001  b0000003205968
=005  20200502060106.7
=008  141002s2014\\\\pl\\\\\\\\\\\|000\0\pol\\
=009  991028826009705066
=035  \\$a(EXLNZ-48OMNIS_NETWORK)9910310976405606
=035  \\$a(OCoLC)899937706
=035  \\$a(PL)b0000003205968
=035  \\$a(PL-WaBN)b32059681-48omnis_nlop
=035  \\$a991028826009705066
=035  \\$ab32059681
=040  \\$aWA N$cWA N
=100  1\$aKołodziej, Przemysław$d(1983- )$1http://viaf.org/viaf/301641518
=245  10$aWyobraźnia dziecka, fantazja paranoika :$banaliza komiksów "Animal Man" i "Doom Patrol" Granta Morrisona /$cPrzemysław Kołodziej.
=260  \\$c2014.
=336  \\$aTekst$btxt$2rdacontent
=337  \\$aBez urządzenia pośredniczącego$bn$2rdamedia
=338  \\$aWolumin$bnc$2rdacarrier
=380  \\$iMajor genre$aLiterature$leng
=380  \\$aArtykuły
=381  \\$iMajor genre$aOther$leng
=600  17$aMorrison, Grant$d(1960- )$2DBN$1http://viaf.org/viaf/60253177
=630  07$aAnimal man (seria wyd.)$2DBN
=630  \7$aDoom patrol (seria wyd.)$2DBN
=655  \7$aKomiksy$xhistoria$zWielka Brytania$yod 1989 r.$2DBN
=773  0\$iW:$tAnatomia wyobraźni : 12 esejów o fantazjowaniu w kinie, telewizji, komiksach i literaturze popularnej,$gs. 199-213
=856  42$uhttp://libri.ucl.cas.cz/Record/b0000003205399$ychapter of: Anatomia wyobraźni : 12 esejów o fantazjowaniu w kinie, telewizji, komiksach i literaturze popularnej, Gdańsk: Gdański Klub Fantastyki, Gdańsk: Uniwersytet Gdański 2014
=902  \\$a170217$c141002$dm$eb$f-$g0
=909  \\$ab0000032059681
=916  \\$aKołodziej, Przemysław   (1983- )
=930  07$aAnimal man (seria wyd.)$2DBN
=930  \7$aDoom patrol (seria wyd.)$2DBN
=955  \7$aKomiksy$xhistoria$zWielka Brytania$yod 1989 r.$2DBN
=980  \\$aArtykuły
=995  \\$aPolska Bibliografia Literacka$bPBL 2013-2020: rozdziały książek
=996  \\$a.b32059681$9local
=998  \\$ao$av$9local
=999  \\$azk$bdm$cJHPbw

