=LDR  02169naa a2200445 i 4500
=001  b0000003207758
=005  20200502060109.4
=008  141002s2014\\\\pl\\\\\\\\\\\|000\0\pol\\
=009  991028894269705066
=035  \\$a(EXLNZ-48OMNIS_NETWORK)9910295180605606
=035  \\$a(OCoLC)899780161
=035  \\$a(PL)b0000003207758
=035  \\$a(PL-WaBN)b32077580-48omnis_nlop
=035  \\$a991028894269705066
=035  \\$ab32077580
=040  \\$aWA N$cWA N
=100  1\$aWasilewska, Agnieszka.
=245  10$aWielcy mistrzowie pióra :$bjedni z twórców piękna języka polskiego /$cAgnieszka Wasilewska.
=260  \\$c2014.
=336  \\$aTekst$btxt$2rdacontent
=337  \\$aBez urządzenia pośredniczącego$bn$2rdamedia
=338  \\$aWolumin$bnc$2rdacarrier
=380  \\$aArtykuły
=600  17$aFiedler, Arkady$d(1894-1985)$2DBN$1http://viaf.org/viaf/32124223
=600  17$aOssendowski, Ferdynand Antoni$d(1878-1945)$2DBN$1http://viaf.org/viaf/100204280
=600  17$aSienkiewicz, Henryk$d(1846-1916)$2DBN$1http://viaf.org/viaf/24608122
=648  \7$a1801-1900$2DBN
=648  \7$a1901-2000$2DBN
=655  \7$aLiteratura polska$xhistoria$y19-20 w.$2DBN
=773  0\$iW:$aKongres Stowarzyszeń Regionalnych (10 ; 2014 ; Bydgoszcz).$tRegionalizm polski : 25 lat po transformacji jako ważne źródło odrodzenia narodu i państwa : X Kongres Stowarzyszeń Regionalnych w Bydgoszczy, Bydgoszcz, 11-13 września 2014 r. : referaty i prezentacje,$gs. 227-231
=856  42$uhttp://libri.ucl.cas.cz/Record/b0000003205713$ychapter of: Regionalizm polski : 25 lat po transformacji jako ważne źródło odrodzenia narodu i państwa : X Kongres Stowarzyszeń Regionalnych w Bydgoszczy, Bydgoszcz, 11-13 września 2014 r. : referaty i prezentacje, Bydgoszcz: Towarzystwo Miłośników Miasta Bydgoszczy 2014
=902  \\$a170217$c141002$dm$eb$f-$g0
=909  \\$ab0000032077580
=916  \\$aWasilewska, Agnieszka.
=955  \7$aLiteratura polska$xhistoria$y19-20 w.$2DBN
=980  \\$aArtykuły
=995  \\$aPolska Bibliografia Literacka$bPBL 2013-2020: rozdziały książek
=996  \\$a.b32077580$9local
=998  \\$ao$av$9local
=999  \\$azk$bma$cbp

