=LDR  02055naa a2200481 i 4500
=001  b0000003208768
=005  20200507075640.3
=008  141003s2013\\\\pl\\\\\\\\\\\|000\0\pol\\
=009  991028934159705066
=035  \\$a(EXLNZ-48OMNIS_NETWORK)9910464025705606
=035  \\$a(OCoLC)899783666
=035  \\$a(PL)b0000003208768
=035  \\$a(PL-WaBN)b32087688-48omnis_nlop
=035  \\$a991028934159705066
=035  \\$ab32087688
=040  \\$aWA N$cWA N
=041  0\$apol$beng
=100  1\$aCzaplicka-Jedlikowska, Maria
=245  10$aWspomaganie rozwoju dziecka w kontekstach filozoficznych i kulturowych w twórczości dla dzieci ks. Jana Twardowskiego czyli "o budowaniu noosfery literackiej" /$cMaria Czaplicka-Jedlikowska.
=246  30$aO budowaniu noosfery literackiej
=260  \\$c2013.
=336  \\$aTekst$btxt$2rdacontent
=337  \\$aBez urządzenia pośredniczącego$bn$2rdamedia
=338  \\$aWolumin$bnc$2rdacarrier
=380  \\$iMajor genre$aLiterature$leng
=380  \\$aArtykuły
=381  \\$iMajor genre$aLyrical poetry$leng
=504  \\$aBibliogr. s. 358-359.
=546  \\$aStreszcz. ang.
=600  17$aTwardowski, Jan$d(1915-2006)$2DBN$1http://viaf.org/viaf/2487484
=650  \7$aDzieci$xw literaturze polskiej.$2DBN
=655  \7$aPoezja dziecięca polska$xtematyka$yod 1944 r.$2DBN
=773  0\$iW:$tDziecko ze specjalnymi potrzebami edukacyjnymi : pedagogiczne dylematy przestrzeni rozwoju integralnego,$gs. 339-361
=856  42$uhttp://libri.ucl.cas.cz/Record/b0000003206254$ychapter of: Dziecko ze specjalnymi potrzebami edukacyjnymi : pedagogiczne dylematy przestrzeni rozwoju integralnego, Kielce: Uniwersytet Jana Kochanowskiego 2013
=902  \\$a170217$c141003$dm$eb$f-$g0
=909  \\$ab0000032087688
=916  \\$aCzaplicka-Jedlikowska, Maria
=955  \7$aPoezja dziecięca polska$xtematyka$yod 1944 r.$2DBN
=980  \\$aArtykuły
=995  \\$aPolska Bibliografia Literacka$bPBL 2013-2020: rozdziały książek
=996  \\$a.b32087688$9local
=998  \\$ao$av$9local
=999  \\$azk$bma$bbp

