=LDR  01788naa a2200457 i 4500
=001  b0000003209269
=005  20200502060111.3
=008  141003s2014\\\\pl\\\\\\\\\\\|000\0\pol\\
=009  991028953879705066
=035  \\$a(EXLNZ-48OMNIS_NETWORK)9910234277205606
=035  \\$a(OCoLC)899784899
=035  \\$a(PL)b0000003209269
=035  \\$a(PL-WaBN)b32092696-48omnis_nlop
=035  \\$a991028953879705066
=035  \\$ab32092696
=040  \\$aWA N$cWA N
=041  0\$apol$beng
=045  2\$bd1945$bd1989
=100  1\$aHabielski, Rafał$d(1957- )$1http://viaf.org/viaf/102395946
=245  10$aŻycie literackie i kulturalne "polskiego Londynu" /$cRafał Habielski.
=260  \\$c2014.
=336  \\$aTekst$btxt$2rdacontent
=337  \\$aBez urządzenia pośredniczącego$bn$2rdamedia
=338  \\$aWolumin$bnc$2rdacarrier
=380  \\$aArtykuły
=546  \\$aStreszcz. ang.
=648  \7$a1901-2000$2DBN
=648  \7$a1945-1989$2DBN
=650  \7$aPolacy za granicą$xkultura$zWielka Brytania$2DBN
=650  \7$aPolacy za granicą$xżycie literackie$zWielka Brytania$2DBN
=773  0\$iW:$tLondyn - stolica Polski : emigracja polska 1940-1990 = London - the capital of Poland : Polish emigration 1940-1990,$gs. 130-166
=856  42$uhttp://libri.ucl.cas.cz/Record/b0000003205008$ychapter of: Londyn - stolica Polski : emigracja polska 1940-1990 = London - the capital of Poland : Polish emigration 1940-1990, Warszawa: Muzeum Historii Polski 2014
=902  \\$a180225$c141003$dm$eb$f-$g0
=909  \\$ab0000032092696
=916  \\$aHabielski, Rafał   (1957- )
=945  2\$b1945$b1989
=980  \\$aArtykuły
=995  \\$aPolska Bibliografia Literacka$bPBL 2013-2020: rozdziały książek
=996  \\$a.b32092696$9local
=998  \\$ao$av$9local
=999  \\$azk$bdm

