=LDR  01769naa a2200445 i 4500
=001  b0000003210095
=005  20200501071354.9
=008  141006s2014\\\\pl\\\\\\\\\\\|000\0\pol\\
=009  991028986009705066
=035  \\$a(EXLNZ-48OMNIS_NETWORK)9910195772205606
=035  \\$a(OCoLC)899787766
=035  \\$a(PL)b0000003210095
=035  \\$a(PL-WaBN)b32100954-48omnis_nlop
=035  \\$a991028986009705066
=035  \\$ab32100954
=040  \\$aWA N$cWA N
=100  1\$aMaj, Ewa$d(1957- )$1http://viaf.org/viaf/10263118
=245  10$aBezpieczna, stabilna, mocarstwowa Polska w filmie fabularnym 1930-1939 /$cEwa Maj.
=260  \\$c2014.
=336  \\$aTekst$btxt$2rdacontent
=337  \\$aBez urządzenia pośredniczącego$bn$2rdamedia
=338  \\$aWolumin$bnc$2rdacarrier
=380  \\$aArtykuły
=504  \\$aBibliogr. s. 713-714.
=648  \7$a1901-2000$2DBN
=648  \7$a1918-1939$2DBN
=651  \7$aPolska$xw filmie polskim.$2DBN
=655  \7$aFilm polski$xtematyka$y1918-1939 r.$2DBN
=773  0\$iW:$tSen o potędze : bezpieczeństwo, suwerenność, mocarstwowość : Rzeczpospolita Polska 1918-1939,$gs. 697-714
=856  42$uhttp://libri.ucl.cas.cz/Record/b0000003202362$ychapter of: Sen o potędze : bezpieczeństwo, suwerenność, mocarstwowość : Rzeczpospolita Polska 1918-1939, Lublin: Wydawnictwo Uniwersytetu Marii Curie-Skłodowskiej 2014
=902  \\$a170217$c141006$dm$eb$f-$g0
=909  \\$ab0000032100954
=916  \\$aMaj, Ewa   (1957- )
=951  \7$aPolska$xw filmie polskim.$2DBN
=955  \7$aFilm polski$xtematyka$y1918-1939 r.$2DBN
=980  \\$aArtykuły
=995  \\$aPolska Bibliografia Literacka$bPBL 2013-2020: rozdziały książek
=996  \\$a.b32100954$9local
=998  \\$ao$av$9local
=999  \\$azk$bmmk$bil

