=LDR  02252naa a2200529 i 4500
=001  b0000003210540
=005  20200502060110.3
=008  141006s2014\\\\pl\\\\\\\\\\\|000\0apol\\
=009  991029003729705066
=035  \\$a(EXLNZ-48OMNIS_NETWORK)9910181727205606
=035  \\$a(OCoLC)899788787
=035  \\$a(PL)b0000003210540
=035  \\$a(PL-WaBN)b3210540x-48omnis_nlop
=035  \\$a991029003729705066
=035  \\$ab3210540x
=040  \\$aWA N$cWA N
=041  1\$apol$aeng$heng
=100  1\$aWagstyl, Stefan
=245  10$aMiędzy Birmingham a Londynem :$bwspomnienia brytyjskiego Polaka /$cStefan Wagstyl ; przeł. Krzysztof Niewiadomski.
=260  \\$c2014.
=336  \\$aTekst$btxt$2rdacontent
=337  \\$aBez urządzenia pośredniczącego$bn$2rdamedia
=338  \\$aWolumin$bnc$2rdacarrier
=380  \\$iMajor genre$aLiterature$leng
=380  \\$aArtykuły
=381  \\$iMajor genre$aOther$leng
=501  \\$aWspółwyd.: Between Birmingham and London : memories of the British Pole / Stefan Wagstyl.
=546  \\$aTekst równol. pol., ang.
=600  17$aWagstyl, Stefan$2DBN
=650  \7$aDziennikarze$zWielka Brytania$yod 1945 r.$2DBN
=650  \7$aPolacy za granicą$zWielka Brytania$yod 1945 r.$2DBN
=655  \7$aPamiętniki angielskie$yod 1945 r.$2DBN
=700  12$aWagstyl, Stefan.$tBetween Birmingham and London
=700  1\$aNiewiadomski, Krzysztof$d(1986- )$eTł.$1http://viaf.org/viaf/80152682582023312253
=773  0\$iW:$tLondyn - stolica Polski : emigracja polska 1940-1990 = London - the capital of Poland : Polish emigration 1940-1990,$gs. 216-228
=856  42$uhttp://libri.ucl.cas.cz/Record/b0000003205008$ychapter of: Londyn - stolica Polski : emigracja polska 1940-1990 = London - the capital of Poland : Polish emigration 1940-1990, Warszawa: Muzeum Historii Polski 2014
=902  \\$a170217$c141006$dm$eb$f-$g0
=909  \\$ab000003210540x
=916  \\$aWagstyl, Stefan
=918  12$aWagstyl, Stefan.
=918  1\$aNiewiadomski, Krzysztof$d(1986- )
=955  \7$aPamiętniki angielskie$yod 1945 r.$2DBN
=980  \\$aArtykuły
=995  \\$aPolska Bibliografia Literacka$bPBL 2013-2020: rozdziały książek
=996  \\$a.b3210540x$9local
=998  \\$ao$av$9local
=999  \\$azk$bdm

