=LDR  02092naa a2200505 i 4500
=001  b0000003210558
=005  20200502060101.7
=008  141006s2014\\\\pl\\\\\\\\\\\|000\0apol\\
=009  991029004439705066
=035  \\$a(EXLNZ-48OMNIS_NETWORK)9910434624305606
=035  \\$a(OCoLC)899788942
=035  \\$a(PL)b0000003210558
=035  \\$a(PL-WaBN)b32105587-48omnis_nlop
=035  \\$a991029004439705066
=035  \\$ab32105587
=040  \\$aWA N$cWA N
=041  1\$apol$aeng$heng
=100  1\$aDavies, Norman$d(1939- )$1http://viaf.org/viaf/102370382
=245  10$aPolski Londyn /$cNorman Davies.
=260  \\$c2014.
=336  \\$aTekst$btxt$2rdacontent
=337  \\$aBez urządzenia pośredniczącego$bn$2rdamedia
=338  \\$aWolumin$bnc$2rdacarrier
=380  \\$iMajor genre$aLiterature$leng
=380  \\$aArtykuły
=381  \\$iMajor genre$aOther$leng
=501  \\$aWspółwyd.: Polish London / Norman Davies.
=546  \\$aTekst równol. pol., ang.
=600  17$aDavies, Norman$d(1939- )$2DBN$1http://viaf.org/viaf/102370382
=650  \7$aHistorycy$zWielka Brytania$yod 1945 r.$2DBN
=650  \7$aPolacy za granicą$zWielka Brytania$yod 1945 r.$2DBN
=655  \7$aPamiętniki angielskie$yod 1945 r.$2DBN
=700  12$aDavies, Norman$d(1939- )$tPolish London$1http://viaf.org/viaf/102370382
=773  0\$iW:$tLondyn - stolica Polski : emigracja polska 1940-1990 = London - the capital of Poland : Polish emigration 1940-1990,$gs. 229-242
=856  42$uhttp://libri.ucl.cas.cz/Record/b0000003205008$ychapter of: Londyn - stolica Polski : emigracja polska 1940-1990 = London - the capital of Poland : Polish emigration 1940-1990, Warszawa: Muzeum Historii Polski 2014
=902  \\$a170217$c141006$dm$eb$f-$g0
=909  \\$ab0000032105587
=916  \\$aDavies, Norman   (1939- )
=918  12$aDavies, Norman$d(1939- ).
=955  \7$aPamiętniki angielskie$yod 1945 r.$2DBN
=980  \\$aArtykuły
=995  \\$aPolska Bibliografia Literacka$bPBL 2013-2020: rozdziały książek
=996  \\$a.b32105587$9local
=998  \\$ao$av$9local
=999  \\$azk$bdm

