=LDR  02161naa a2200553 i 4500
=001  b0000003210608
=005  20200502060142.9
=008  141006s2014\\\\pl\\\\\\\\\\\|000\0apol\\
=009  991029006189705066
=035  \\$a(EXLNZ-48OMNIS_NETWORK)9910208602105606
=035  \\$a(OCoLC)899789033
=035  \\$a(PL)b0000003210608
=035  \\$a(PL-WaBN)b32106087-48omnis_nlop
=035  \\$a991029006189705066
=035  \\$ab32106087
=040  \\$aWA N$cWA N
=041  1\$apol$aeng$hpol
=045  2\$bd1945$bd1989
=100  1\$aSmolar, Eugeniusz$d(1945- )$1http://viaf.org/viaf/106765495
=245  10$aMój Londyn /$cEugeniusz Smolar.
=260  \\$c2014.
=336  \\$aTekst$btxt$2rdacontent
=337  \\$aBez urządzenia pośredniczącego$bn$2rdamedia
=338  \\$aWolumin$bnc$2rdacarrier
=380  \\$iMajor genre$aLiterature$leng
=380  \\$aArtykuły
=381  \\$iMajor genre$aOther$leng
=501  \\$aWspółwyd.: My London / Eugeniusz Smolar.
=546  \\$aTekst równol. pol., ang.
=600  17$aSmolar, Eugeniusz$d(1945- )$2DBN$1http://viaf.org/viaf/106765495
=648  \7$a1901-2000$2DBN
=648  \7$a1945-1989$2DBN
=650  \7$aDziennikarze$zPolska$2DBN
=650  \7$aPolacy za granicą$zWielka Brytania$2DBN
=655  \7$aPamiętniki polskie$2DBN
=700  12$aSmolar, Eugeniusz$d(1945- )$tMy London$1http://viaf.org/viaf/106765495
=773  0\$iW:$tLondyn - stolica Polski : emigracja polska 1940-1990 = London - the capital of Poland : Polish emigration 1940-1990,$gs. 243-259
=856  42$uhttp://libri.ucl.cas.cz/Record/b0000003205008$ychapter of: Londyn - stolica Polski : emigracja polska 1940-1990 = London - the capital of Poland : Polish emigration 1940-1990, Warszawa: Muzeum Historii Polski 2014
=902  \\$a180614$c141006$dm$eb$f-$g0
=909  \\$ab0000032106087
=916  \\$aSmolar, Eugeniusz   (1945- )
=918  12$aSmolar, Eugeniusz$d(1945- ).
=945  2\$b1945$b1989
=955  \7$aPamiętniki polskie$2DBN
=980  \\$aArtykuły
=995  \\$aPolska Bibliografia Literacka$bPBL 2013-2020: rozdziały książek
=996  \\$a.b32106087$9local
=998  \\$ao$av$9local
=999  \\$azk$bdm

