=LDR  01901naa a2200493 i 4500
=001  b0000003210659
=005  20200501071356.5
=008  141006s2014\\\\pl\\\\\\\\\\\|000\0apol\\
=009  991029008389705066
=035  \\$a(EXLNZ-48OMNIS_NETWORK)9910025469705606
=035  \\$a(OCoLC)899789167
=035  \\$a(PL)b0000003210659
=035  \\$a(PL-WaBN)b32106592-48omnis_nlop
=035  \\$a991029008389705066
=035  \\$ab32106592
=040  \\$aWA N$cWA N
=041  1\$apol$aeng$hpol
=100  1\$aUjazdowska, Tesa
=245  10$aDotykanie historii /$cTesa Ujazdowska.
=260  \\$c2014.
=336  \\$aTekst$btxt$2rdacontent
=337  \\$aBez urządzenia pośredniczącego$bn$2rdamedia
=338  \\$aWolumin$bnc$2rdacarrier
=380  \\$iMajor genre$aLiterature$leng
=380  \\$aArtykuły
=381  \\$iMajor genre$aOther$leng
=501  \\$aWspółwyd.: Touching history / Tesa Ujazdowska.
=546  \\$aTekst równol. pol., ang.
=600  17$aUjazdowska, Tesa$2DBN
=650  \7$aAktorzy polscy$zWielka Brytania$yod 1945 r.$2DBN
=655  \7$aPamiętniki polskie$yod 1944 r.$2DBN
=700  12$aUjazdowska, Tesa.$tTouching history
=773  0\$iW:$tLondyn - stolica Polski : emigracja polska 1940-1990 = London - the capital of Poland : Polish emigration 1940-1990,$gs. 260-270
=856  42$uhttp://libri.ucl.cas.cz/Record/b0000003205008$ychapter of: Londyn - stolica Polski : emigracja polska 1940-1990 = London - the capital of Poland : Polish emigration 1940-1990, Warszawa: Muzeum Historii Polski 2014
=902  \\$a170217$c141006$dm$eb$f-$g0
=909  \\$ab0000032106592
=916  \\$aUjazdowska, Tesa
=918  12$aUjazdowska, Tesa.
=955  \7$aPamiętniki polskie$yod 1944 r.$2DBN
=980  \\$aArtykuły
=995  \\$aPolska Bibliografia Literacka$bPBL 2013-2020: rozdziały książek
=996  \\$a.b32106592$9local
=998  \\$ao$av$9local
=999  \\$azk$bdm

