=LDR  01862naa a2200445 i 4500
=001  b0000003212113
=005  20201006051141.5
=008  141007s2014\\\\pl\\\\\\\\\\\|000\0\ger\\
=009  991029064229705066
=035  \\$a(EXLNZ-48OMNIS_NETWORK)9910124988305606
=035  \\$a(OCoLC)899792999
=035  \\$a(PL)b0000003212113
=035  \\$a(PL-WaBN)b32121131-48omnis_nlop
=035  \\$a991029064229705066
=035  \\$ab32121131
=040  \\$aWA N$cWA N$dWA N
=100  1\$aHernik-Młodzianowska, Monika$d(1977- )$1http://viaf.org/viaf/81893163
=245  14$a"Die Geschichte von einem, dem es in der DDR zu eng wurde" :$bKlaus Kordons Krokodil im Nacken als Beispiel für den Umgang mit der deutsch-deutschen Geschichte in der modernen Kinder- und Jugendliteratur /$cMonika Hernik-Młodzianowska.
=260  \\$c2014.
=336  \\$aTekst$btxt$2rdacontent
=337  \\$aBez urządzenia pośredniczącego$bn$2rdamedia
=338  \\$aWolumin$bnc$2rdacarrier
=380  \\$iMajor genre$aLiterature$leng
=380  \\$aArtykuły
=381  \\$iMajor genre$aFiction$leng
=600  17$aKordon, Klaus$d(1943- )$tKrokodil im Nacken$2DBN$1http://viaf.org/viaf/245125364
=648  \7$a2001-$2DBN
=655  \7$aPowieść młodzieżowa niemiecka$xhistoria$y21 w.$2DBN
=773  0\$iW:$tRFN, NRD, PRL - zbliżenia,$gs. 31-47
=856  42$uhttp://libri.ucl.cas.cz/Record/b0000003208752$ychapter of: RFN, NRD, PRL - zbliżenia, Wrocław: Gajt Wydawnictwo 2014
=902  \\$a170217$c141007$dm$eb$f-$g4
=909  \\$ab0000032121131
=916  \\$aHernik-Młodzianowska, Monika   (1977- )
=955  \7$aPowieść młodzieżowa niemiecka$xhistoria$y21 w.$2DBN
=980  \\$aArtykuły
=995  \\$aPolska Bibliografia Literacka$bPBL 2013-2020: rozdziały książek
=996  \\$a.b32121131$9local
=998  \\$ao$av$9local
=999  \\$aDBNd$bjka
=999  \\$azk$bbp

