=LDR  01699naa a2200433 i 4500
=001  b0000003213224
=005  20200502060141.1
=008  141008s2014\\\\pl\\\\\\\\\\\|000\0\pol\\
=009  991029108009705066
=035  \\$a(EXLNZ-48OMNIS_NETWORK)9910227044905606
=035  \\$a(OCoLC)899796603
=035  \\$a(PL)b0000003213224
=035  \\$a(PL-WaBN)b32132244-48omnis_nlop
=035  \\$a991029108009705066
=035  \\$ab32132244
=040  \\$aWA N$cWA N
=041  0\$apol$beng
=100  1\$aMaksymowicz, Lucyna
=245  10$aScena "Teatru dla życia" jako edukacyjna przestrzeń rozwoju dziecka /$cLucyna Maksymowicz.
=260  \\$c2013.
=336  \\$aTekst$btxt$2rdacontent
=337  \\$aBez urządzenia pośredniczącego$bn$2rdamedia
=338  \\$aWolumin$bnc$2rdacarrier
=380  \\$aArtykuły
=504  \\$aBibliogr. s. 86-87.
=546  \\$aStreszcz. ang.
=650  \7$aDrama (pedagogika)$2DBN
=650  \7$aRozwój psychofizyczny dziecka$2DBN
=650  \7$aDrama$2ELB-g
=773  0\$iW:$tRozwój integralny dziecka ze specjalnymi potrzebami edukacyjnymi w aspekcie kulturowym i religijnym,$gs. 69-88
=856  42$uhttp://libri.ucl.cas.cz/Record/b0000003206040$ychapter of: Rozwój integralny dziecka ze specjalnymi potrzebami edukacyjnymi w aspekcie kulturowym i religijnym, Kielce: Uniwersytet Jana Kochanowskiego, Kielce: staraniem Zakładu Wspomagania Rozwoju i Edukacji Dziecka 2013
=902  \\$a170217$c141008$dm$eb$f-$g0
=909  \\$ab0000032132244
=916  \\$aMaksymowicz, Lucyna
=980  \\$aArtykuły
=995  \\$aPolska Bibliografia Literacka$bPBL 2013-2020: rozdziały książek
=996  \\$a.b32132244$9local
=998  \\$ao$av$9local
=999  \\$azk$bil

