=LDR  01869naa a2200469 i 4500
=001  b0000003214356
=005  20200501071425.1
=008  141009s2014\\\\pl\\\\\\\\\\\|000\0\pol\\
=009  991029153189705066
=035  \\$a(EXLNZ-48OMNIS_NETWORK)9910058157705606
=035  \\$a(OCoLC)899800020
=035  \\$a(PL)b0000003214356
=035  \\$a(PL-WaBN)b32143564-48omnis_nlop
=035  \\$a991029153189705066
=035  \\$ab32143564
=040  \\$aWA N$cWA N
=100  1\$aAdamus, Anna Maria
=245  10$aProblemy wsi i rolnictwa w PRL w świetle chłopskich listów :$bzarys zagadnienia /$cAnna Maria Adamus.
=260  \\$c2014.
=336  \\$aTekst$btxt$2rdacontent
=337  \\$aBez urządzenia pośredniczącego$bn$2rdamedia
=338  \\$aWolumin$bnc$2rdacarrier
=380  \\$iMajor genre$aLiterature$leng
=380  \\$aArtykuły
=381  \\$iMajor genre$aOther$leng
=648  \7$a1901-2000$2DBN
=648  \7$a1945-1989$2DBN
=650  \7$aChłopi$zPolska$y1944-1989 r.$2DBN
=650  \7$aRolnictwo$zPolska$y1944-1989 r.$2DBN
=650  \7$aWsie$zPolska$y1944-1989 r.$2DBN
=655  \7$aListy polskie$xhistoria$y1944-1989 r.$2DBN
=773  0\$iW:$aLetnia Szkoła Historii Najnowszej (7 ; 2013 ; Wola-Chojnata).$tLetnia Szkoła Historii Najnowszej 2013 : referaty,$gs. 74-84
=856  42$uhttp://libri.ucl.cas.cz/Record/b0000003205980$ychapter of: Letnia Szkoła Historii Najnowszej 2013 : referaty, Warszawa: Instytut Pamięci Narodowej - Komisja Ścigania Zbrodni przeciwko Narodowi Polskiemu 2014
=902  \\$a170217$c141009$dm$eb$f-$g0
=909  \\$ab0000032143564
=916  \\$aAdamus, Anna Maria
=955  \7$aListy polskie$xhistoria$y1944-1989 r.$2DBN
=980  \\$aArtykuły
=995  \\$aPolska Bibliografia Literacka$bPBL 2013-2020: rozdziały książek
=996  \\$a.b32143564$9local
=998  \\$ao$av$9local
=999  \\$azk$bas$bil

