=LDR  01532naa a2200409 i 4500
=001  b0000003214770
=005  20200502060127.6
=008  141009s2014\\\\pl\\\\\\\\\\\|000\0\pol\\
=009  991029169669705066
=035  \\$a(EXLNZ-48OMNIS_NETWORK)9910515181605606
=035  \\$a(OCoLC)899801322
=035  \\$a(PL)b0000003214770
=035  \\$a(PL-WaBN)b32147703-48omnis_nlop
=035  \\$a991029169669705066
=035  \\$ab32147703
=040  \\$aWA N$cWA N
=100  1\$aWróblewska, Violetta$d(1969- )$1http://viaf.org/viaf/84287018
=245  10$aPostać żelaznego wilka w folklorze i literaturze polskiej /$cVioletta Wróblewska.
=260  \\$c2014.
=336  \\$aTekst$btxt$2rdacontent
=337  \\$aBez urządzenia pośredniczącego$bn$2rdamedia
=338  \\$aWolumin$bnc$2rdacarrier
=380  \\$aArtykuły
=504  \\$aBibliogr. s. 191-193.
=650  \7$aWilk$xw literaturze polskiej$2DBN
=655  \7$aLiteratura polska$xtematyka$2DBN
=773  0\$iW:$tWilki i ludzie : małe kompendium wilkologii,$gs. 171-193
=856  42$uhttp://libri.ucl.cas.cz/Record/b0000003212062$ychapter of: Wilki i ludzie : małe kompendium wilkologii, Katowice: Grupakulturalna.pl 2014
=902  \\$a170217$c141009$dm$eb$f-$g0
=909  \\$ab0000032147703
=916  \\$aWróblewska, Violetta   (1969- )
=955  \7$aLiteratura polska$xtematyka$2DBN
=980  \\$aArtykuły
=995  \\$aPolska Bibliografia Literacka$bPBL 2013-2020: rozdziały książek
=996  \\$a.b32147703$9local
=998  \\$ao$av$9local
=999  \\$azk$bma

