=LDR  01709naa a2200457 i 4500
=001  b0000003214773
=005  20200502060111.3
=008  141009s2014\\\\pl\\\\\\\\\\\|000\0\pol\\
=009  991029169799705066
=035  \\$a(EXLNZ-48OMNIS_NETWORK)9910299282905606
=035  \\$a(OCoLC)899801360
=035  \\$a(PL)b0000003214773
=035  \\$a(PL-WaBN)b32147739-48omnis_nlop
=035  \\$a991029169799705066
=035  \\$ab32147739
=040  \\$aWA N$cWA N
=100  1\$aMytych-Forajter, Beata$d(1974- )$1http://viaf.org/viaf/6914248
=245  10$aWilki Mickiewicza /$cBeata Mytych-Forajter.
=260  \\$c2014.
=336  \\$aTekst$btxt$2rdacontent
=337  \\$aBez urządzenia pośredniczącego$bn$2rdamedia
=338  \\$aWolumin$bnc$2rdacarrier
=380  \\$iMajor genre$aLiterature$leng
=380  \\$aArtykuły
=381  \\$iMajor genre$aLyrical poetry$leng
=504  \\$aBibliogr. s. 208-209.
=600  17$aMickiewicz, Adam$d(1798-1855)$2DBN$1http://viaf.org/viaf/64009368
=648  \7$a1801-1900$2DBN
=650  \7$aWilk$xw literaturze polskiej$2DBN
=655  \7$aPoezja polska$xtematyka$y19 w.$2DBN
=773  0\$iW:$tWilki i ludzie : małe kompendium wilkologii,$gs. 195-209
=856  42$uhttp://libri.ucl.cas.cz/Record/b0000003212062$ychapter of: Wilki i ludzie : małe kompendium wilkologii, Katowice: Grupakulturalna.pl 2014
=902  \\$a170217$c141009$dm$eb$f-$g0
=909  \\$ab0000032147739
=916  \\$aMytych-Forajter, Beata   (1974- )
=955  \7$aPoezja polska$xtematyka$y19 w.$2DBN
=980  \\$aArtykuły
=995  \\$aPolska Bibliografia Literacka$bPBL 2013-2020: rozdziały książek
=996  \\$a.b32147739$9local
=998  \\$ao$av$9local
=999  \\$azk$bma$bbp

