=LDR  01795naa a2200457 i 4500
=001  b0000003214784
=005  20200924055437.9
=008  141009s2014\\\\pl\\\\\\\\\\\|000\0\pol\\
=009  991029170219705066
=035  \\$a(EXLNZ-48OMNIS_NETWORK)9910011091505606
=035  \\$a(OCoLC)899801383
=035  \\$a(PL)b0000003214784
=035  \\$a(PL-WaBN)b32147843-48omnis_nlop
=035  \\$a991029170219705066
=035  \\$ab32147843
=040  \\$aWA N$cWA N
=100  1\$aFilipowicz, Anna$c(filolog)
=245  10$aOd "warszawskiego psa" do stawania-się-wilkiem :$bJuliana Tuwima drogi do posthumanizmu (na przykładach Kwiatów polskich) /$cAnna Filipowicz.
=260  \\$c2014.
=336  \\$aTekst$btxt$2rdacontent
=337  \\$aBez urządzenia pośredniczącego$bn$2rdamedia
=338  \\$aWolumin$bnc$2rdacarrier
=380  \\$iMajor genre$aLiterature$leng
=380  \\$aArtykuły
=381  \\$iMajor genre$aLyrical poetry$leng
=504  \\$aBibliogr. s. 234-235.
=600  17$aTuwim, Julian$d(1894-1953)$tKwiaty polskie$2DBN$1http://viaf.org/viaf/46777365
=648  \7$a1901-2000$2DBN
=650  \7$aZwierzęta$xw literaturze polskiej$2DBN
=655  \7$aPoezja polska$xtematyka$y20 w.$2DBN
=773  0\$iW:$tWilki i ludzie : małe kompendium wilkologii,$gs. 211-235
=856  42$uhttp://libri.ucl.cas.cz/Record/b0000003212062$ychapter of: Wilki i ludzie : małe kompendium wilkologii, Katowice: Grupakulturalna.pl 2014
=902  \\$a170217$c141009$dm$eb$f-$g0
=909  \\$ab0000032147843
=916  \\$aFilipowicz, Anna  (nauki filologiczne)
=955  \7$aPoezja polska$xtematyka$y20 w.$2DBN
=980  \\$aArtykuły
=995  \\$aPolska Bibliografia Literacka$bPBL 2013-2020: rozdziały książek
=996  \\$a.b32147843$9local
=998  \\$ao$av$9local
=999  \\$azk$bma

