=LDR  01526naa a2200433 i 4500
=001  b0000003214803
=005  20200502060038.9
=008  141009s2014\\\\pl\\\\\\\\\\\|000\0\pol\\
=009  991029170939705066
=035  \\$a(EXLNZ-48OMNIS_NETWORK)9910227322105606
=035  \\$a(OCoLC)899801441
=035  \\$a(PL)b0000003214803
=035  \\$a(PL-WaBN)b32148033-48omnis_nlop
=035  \\$a991029170939705066
=035  \\$ab32148033
=040  \\$aWA N$cWA N
=100  1\$aNikodem, Michał
=245  10$aTańczący z wilkami, biegnąca z wilkami :$bpróba Ricoeurowskiej analizy symbolu wilka /$cMichał Nikodem.
=260  \\$c2014.
=336  \\$aTekst$btxt$2rdacontent
=337  \\$aBez urządzenia pośredniczącego$bn$2rdamedia
=338  \\$aWolumin$bnc$2rdacarrier
=380  \\$aArtykuły
=504  \\$aBibliogr. s. 285-286.
=650  \7$aLiteratura$2DBN
=650  \7$aTematy i motywy$2DBN
=650  \7$aWilk$xw literaturze$2DBN
=658  \\$aLiteraturoznawstwo
=773  0\$iW:$tWilki i ludzie : małe kompendium wilkologii,$gs. 271-286
=856  42$uhttp://libri.ucl.cas.cz/Record/b0000003212062$ychapter of: Wilki i ludzie : małe kompendium wilkologii, Katowice: Grupakulturalna.pl 2014
=902  \\$a170829$c141009$dm$eb$f-$g0
=909  \\$ab0000032148033
=916  \\$aNikodem, Michał
=958  \\$aLiteraturoznawstwo
=980  \\$aArtykuły
=995  \\$aPolska Bibliografia Literacka$bPBL 2013-2020: rozdziały książek
=996  \\$a.b32148033$9local
=998  \\$ao$av$9local
=999  \\$azk$bma

