=LDR  01881naa a2200457 i 4500
=001  b0000003216609
=005  20200712034153.0
=008  141011s2014\\\\pl\\\\\\\\\\\|000\0\pol\\
=009  991029244499705066
=035  \\$a(EXLNZ-48OMNIS_NETWORK)9910300448605606
=035  \\$a(OCoLC)899808067
=035  \\$a(PL)b0000003216609
=035  \\$a(PL-WaBN)b32166096-48omnis_nlop
=035  \\$a991029244499705066
=035  \\$ab32166096
=040  \\$aWA N$cWA N
=041  1\$apol$ager$hpol
=100  1\$aStroka, Anna$d(1923-2020)$1http://viaf.org/viaf/32518619
=245  10$aMoje "spotkania" z dziedzictwem literackim Carla Hauptmanna =$bMeine "Begegnungen" mit Carl Hauptmanns literarischen Nachlass /$cAnna Stroka.
=246  31$aMeine "Begegnungen" mit Carl Hauptmanns literarischen Nachlass
=260  \\$c2014.
=336  \\$aTekst$btxt$2rdacontent
=337  \\$aBez urządzenia pośredniczącego$bn$2rdamedia
=338  \\$aWolumin$bnc$2rdacarrier
=380  \\$aArtykuły
=546  \\$aTekst równol. niem., pol.
=600  17$aHauptmann, Carl$d(1858-1921)$2DBN$1http://viaf.org/viaf/29662650
=648  \7$a1801-1900$2DBN
=648  \7$a1901-2000$2DBN
=650  \7$aLiteratura niemiecka$xhistoria$y19-20 w.$2DBN
=650  \7$aGerman literature$2ELB-n
=773  0\$iW:$tCarl Hauptmann i krąg jego przyjaciół = Carl Hauptmann und sein Freundeskreis,$gs. 17-26
=856  42$uhttp://libri.ucl.cas.cz/Record/b0000003205571$ychapter of: Carl Hauptmann i krąg jego przyjaciół = Carl Hauptmann und sein Freundeskreis, Szklarska Poręba, Jelenia Góra: Muzeum Karkonoskie 2014
=902  \\$a171127$c141011$dm$eb$f-$g0
=909  \\$ab0000032166096
=916  \\$aStroka, Anna   (1923- )
=980  \\$aArtykuły
=995  \\$aPolska Bibliografia Literacka$bPBL 2013-2020: rozdziały książek
=996  \\$a.b32166096$9local
=998  \\$ao$av$9local
=999  \\$azk$bezm

