=LDR  02298naa a2200553 i 4500
=001  b0000003216610
=005  20200506044405.0
=008  141010s2014\\\\pl\\\\\\\\\\\|000\0\pol\\
=009  991029244539705066
=035  \\$a(EXLNZ-48OMNIS_NETWORK)9910418600305606
=035  \\$a(OCoLC)899808068
=035  \\$a(PL)b0000003216610
=035  \\$a(PL-WaBN)b32166102-48omnis_nlop
=035  \\$a991029244539705066
=035  \\$ab32166102
=040  \\$aWA N$cWA N
=041  0\$apol$bger
=100  1\$aDuda-Koza, Agata
=245  10$aMuzyczne fascynacje :$bkorespondencja Anny Teichmüller z Marthą i Carlem Hauptmannami ze zbiorów Biblioteki Śląskiej.
=260  \\$c2014.
=336  \\$aTekst$btxt$2rdacontent
=337  \\$aBez urządzenia pośredniczącego$bn$2rdamedia
=338  \\$aWolumin$bnc$2rdacarrier
=380  \\$iMajor genre$aLiterature$leng
=380  \\$aArtykuły
=381  \\$iMajor genre$aOther$leng
=546  \\$aStreszcz. niem.
=600  17$aHauptmann, Carl$d(1858-1921)$2DBN$1http://viaf.org/viaf/29662650
=600  17$aHauptmann, Martha$d(1862-1939)$2DBN$1http://viaf.org/viaf/25356174
=600  17$aTeichmüller, Anna$d(1861-1940)$2DBN$1http://viaf.org/viaf/64779147
=610  27$aBiblioteka Śląska (Katowice)$xzbiory$2DBN
=648  \7$a1801-1900$2DBN
=648  \7$a1901-2000$2DBN
=650  \7$aKompozytorzy niemieccy$y19-20 w.$2DBN
=650  \7$aPisarze niemieccy$y19-20 w.$2DBN
=651  \7$aKatowice (woj. śląskie)$xbibliotekarstwo$xzbiory.$2DBN
=655  \7$aListy niemieckie$xhistoria$y19-20 w.$2DBN
=773  0\$iW:$tCarl Hauptmann i krąg jego przyjaciół = Carl Hauptmann und sein Freundeskreis,$gs. 39-46
=856  42$uhttp://libri.ucl.cas.cz/Record/b0000003205571$ychapter of: Carl Hauptmann i krąg jego przyjaciół = Carl Hauptmann und sein Freundeskreis, Szklarska Poręba, Jelenia Góra: Muzeum Karkonoskie 2014
=902  \\$a170219$c141010$dm$eb$f-$g0
=909  \\$ab0000032166102
=916  \\$aDuda-Koza, Agata
=951  \7$aKatowice (woj. śląskie)$xbibliotekarstwo$xzbiory.$2DBN
=955  \7$aListy niemieckie$xhistoria$y19-20 w.$2DBN
=980  \\$aArtykuły
=995  \\$aPolska Bibliografia Literacka$bPBL 2013-2020: rozdziały książek
=996  \\$a.b32166102$9local
=998  \\$ao$av$9local
=999  \\$azk$bezm$cil

