=LDR  01830naa a2200469 i 4500
=001  b0000003216612
=005  20200502060116.7
=008  141011s2014\\\\pl\\\\\\\\\\\|000\0\pol\\
=009  991029244599705066
=035  \\$a(EXLNZ-48OMNIS_NETWORK)9910177174605606
=035  \\$a(OCoLC)899808070
=035  \\$a(PL)b0000003216612
=035  \\$a(PL-WaBN)b32166126-48omnis_nlop
=035  \\$a991029244599705066
=035  \\$ab32166126
=040  \\$aWA N$cWA N
=041  0\$apol$bger
=100  1\$aRynkowska, Monika
=245  10$aŚladami dróg niepokornej :$bJózefa Kodis - działaczka społeczno-oświatowa /$cMonika Rynkowska.
=260  \\$c2014.
=336  \\$aTekst$btxt$2rdacontent
=337  \\$aBez urządzenia pośredniczącego$bn$2rdamedia
=338  \\$aWolumin$bnc$2rdacarrier
=380  \\$aArtykuły
=504  \\$aBibliogr. s. 64-65.
=546  \\$aStreszcz. niem.
=600  17$aHauptmann, Carl$d(1858-1921)$2DBN$1http://viaf.org/viaf/29662650
=600  17$aKodisowa, Józefa Fabianna$d(1865-1940)$2DBN$1http://viaf.org/viaf/166712679
=648  \7$a1801-1900$2DBN
=648  \7$a1901-2000$2DBN
=650  \7$aFilozofowie$zPolska$y19-20 w.$2DBN
=650  \7$aPisarze niemieccy$y19-20 w.$2DBN
=773  0\$iW:$tCarl Hauptmann i krąg jego przyjaciół = Carl Hauptmann und sein Freundeskreis,$gs. 47-65
=856  42$uhttp://libri.ucl.cas.cz/Record/b0000003205571$ychapter of: Carl Hauptmann i krąg jego przyjaciół = Carl Hauptmann und sein Freundeskreis, Szklarska Poręba, Jelenia Góra: Muzeum Karkonoskie 2014
=902  \\$a170219$c141011$dm$eb$f-$g0
=909  \\$ab0000032166126
=916  \\$aRynkowska, Monika
=980  \\$aArtykuły
=995  \\$aPolska Bibliografia Literacka$bPBL 2013-2020: rozdziały książek
=996  \\$a.b32166126$9local
=998  \\$ao$av$9local
=999  \\$azk$bezm$bil

