=LDR  01901naa a2200469 i 4500
=001  b0000003216619
=005  20201119054501.3
=008  141011s2014\\\\pl\\\\\\\\\\\|000\0\pol\\
=009  991029244899705066
=035  \\$a(EXLNZ-48OMNIS_NETWORK)9910452893205606
=035  \\$a(OCoLC)899808131
=035  \\$a(PL)b0000003216619
=035  \\$a(PL-WaBN)b32166199-48omnis_nlop
=035  \\$a991029244899705066
=035  \\$ab32166199
=040  \\$aWA N$cWA N$dWA N
=041  0\$apol$bger
=100  1\$aWiater, Przemysław$d(1958-2020)$1http://viaf.org/viaf/85493529
=245  10$aCarl Hauptmann i jego goście w Szklarskiej Porębie /$cPrzemysław Wiater.
=260  \\$c2014.
=336  \\$aTekst$btxt$2rdacontent
=337  \\$aBez urządzenia pośredniczącego$bn$2rdamedia
=338  \\$aWolumin$bnc$2rdacarrier
=380  \\$aArtykuły
=546  \\$aStreszcz. niem.
=600  17$aHauptmann, Carl$d(1858-1921)$2DBN$1http://viaf.org/viaf/29662650
=648  \7$a1801-1900$2DBN
=648  \7$a1901-2000$2DBN
=650  \7$aArtyści niemieccy$y19-20 w.$2DBN
=650  \7$aPisarze niemieccy$y19-20 w.$2DBN
=651  \7$aSzklarska Poręba (woj. dolnośląskie)$xsztuka$y19-20 w.$2DBN
=773  0\$iW:$tCarl Hauptmann i krąg jego przyjaciół = Carl Hauptmann und sein Freundeskreis,$gs. 79-86
=856  42$uhttp://libri.ucl.cas.cz/Record/b0000003205571$ychapter of: Carl Hauptmann i krąg jego przyjaciół = Carl Hauptmann und sein Freundeskreis, Szklarska Poręba, Jelenia Góra: Muzeum Karkonoskie 2014
=902  \\$a170219$c141011$dm$eb$f-$g0
=909  \\$ab0000032166199
=916  \\$aWiater, Przemysław   (1958-2020)
=951  \7$aSzklarska Poręba (woj. dolnośląskie)$xsztuka$y19-20 w.$2DBN
=980  \\$aArtykuły
=995  \\$aPolska Bibliografia Literacka$bPBL 2013-2020: rozdziały książek
=996  \\$a.b32166199$9local
=998  \\$ao$av$9local
=999  \\$azk$bezm$bil

