=LDR  01883naa a2200457 i 4500
=001  b0000003216622
=005  20200502060019.4
=008  141011s2014\\\\pl\\\\\\\\\\\|000\0\pol\\
=009  991029245019705066
=035  \\$a(EXLNZ-48OMNIS_NETWORK)9910019011505606
=035  \\$a(OCoLC)899808137
=035  \\$a(PL)b0000003216622
=035  \\$a(PL-WaBN)b32166229-48omnis_nlop
=035  \\$a991029245019705066
=035  \\$ab32166229
=040  \\$aWA N$cWA N
=041  0\$apol$bger
=100  1\$aKuczyński, Krzysztof A$d(1948- )$1http://viaf.org/viaf/64056948
=245  10$aPogmatwane drogi szklarskoporębiańskiego archiwum :$btropami literackiej spuścizny Carla Hauptmanna po 1945 roku /$cKrzysztof A. Kuczyński.
=260  \\$c2014.
=336  \\$aTekst$btxt$2rdacontent
=337  \\$aBez urządzenia pośredniczącego$bn$2rdamedia
=338  \\$aWolumin$bnc$2rdacarrier
=380  \\$aArtykuły
=546  \\$aStreszcz. niem.
=600  17$aHauptmann, Carl$d(1858-1921)$2DBN$1http://viaf.org/viaf/29662650
=648  \7$a1801-1900$2DBN
=648  \7$a1901-2000$2DBN
=650  \7$aLiteratura niemiecka$xhistoria$y19-20 w.$2DBN
=650  \7$aPisarze niemieccy$xpamiątki$xzbiory$zPolska$2DBN
=650  \7$aGerman literature$2ELB-n
=773  0\$iW:$tCarl Hauptmann i krąg jego przyjaciół = Carl Hauptmann und sein Freundeskreis,$gs. 87-113
=856  42$uhttp://libri.ucl.cas.cz/Record/b0000003205571$ychapter of: Carl Hauptmann i krąg jego przyjaciół = Carl Hauptmann und sein Freundeskreis, Szklarska Poręba, Jelenia Góra: Muzeum Karkonoskie 2014
=902  \\$a171127$c141011$dm$eb$f-$g0
=909  \\$ab0000032166229
=916  \\$aKuczyński, Krzysztof Antoni   (1948- )
=980  \\$aArtykuły
=995  \\$aPolska Bibliografia Literacka$bPBL 2013-2020: rozdziały książek
=996  \\$a.b32166229$9local
=998  \\$ao$av$9local
=999  \\$azk$bezm$bil

