=LDR  02180naa a2200541 i 4500
=001  b0000003216624
=005  20200502060022.2
=008  141011s2014\\\\pl\\\\\\\\\\\|000\0\ger\\
=009  991029245089705066
=035  \\$a(EXLNZ-48OMNIS_NETWORK)9910251840005606
=035  \\$a(OCoLC)899808141
=035  \\$a(PL)b0000003216624
=035  \\$a(PL-WaBN)b32166242-48omnis_nlop
=035  \\$a991029245089705066
=035  \\$ab32166242
=040  \\$aWA N$cWA N
=041  1\$ager$apol$hger
=100  1\$aWack, Edith
=245  14$a"Ein Sein in Enheit" :$bCarl Hauptmanns Korrespondenz mit Wilhelm Bölsche /$cEdith Wack.
=246  30$aKorespondencja Carla Hauptmanna z Wilhelmem Bölschem
=260  \\$c2014.
=336  \\$aTekst$btxt$2rdacontent
=337  \\$aBez urządzenia pośredniczącego$bn$2rdamedia
=338  \\$aWolumin$bnc$2rdacarrier
=380  \\$iMajor genre$aLiterature$leng
=380  \\$aArtykuły
=381  \\$iMajor genre$aOther$leng
=501  \\$aWspółwyd.: "Byt w jedności" : korespondencja Carla Hauptmanna z Wilhelmem Bölschem.
=546  \\$aTekst równol. niem., pol.
=600  17$aBölsche, Wilhelm$d(1861-1939)$2DBN$1http://viaf.org/viaf/22932544
=600  17$aHauptmann, Carl$d(1858-1921)$2DBN$1http://viaf.org/viaf/29662650
=648  \7$a1801-1900$2DBN
=648  \7$a1901-2000$2DBN
=650  \7$aPisarze niemieccy$y19-20 w.$2DBN
=655  \7$aListy niemieckie$xhistoria$y19-20 w.$2DBN
=700  12$aWack, Edith.$t"Byt w jedności"
=773  0\$iW:$tCarl Hauptmann i krąg jego przyjaciół = Carl Hauptmann und sein Freundeskreis,$gs. 117-160
=856  42$uhttp://libri.ucl.cas.cz/Record/b0000003205571$ychapter of: Carl Hauptmann i krąg jego przyjaciół = Carl Hauptmann und sein Freundeskreis, Szklarska Poręba, Jelenia Góra: Muzeum Karkonoskie 2014
=902  \\$a170219$c141011$dm$eb$f-$g4
=909  \\$ab0000032166242
=916  \\$aWack, Edith
=918  12$aWack, Edith.
=955  \7$aListy niemieckie$xhistoria$y19-20 w.$2DBN
=980  \\$aArtykuły
=995  \\$aPolska Bibliografia Literacka$bPBL 2013-2020: rozdziały książek
=996  \\$a.b32166242$9local
=998  \\$ao$av$9local
=999  \\$azk$bezm$bil

