=LDR  02095naa a2200493 i 4500
=001  b0000003216630
=005  20200501071357.3
=008  141011s2014\\\\pl\\\\\\\\\\\|000\0\ger\\
=009  991029245349705066
=035  \\$a(EXLNZ-48OMNIS_NETWORK)9910088471705606
=035  \\$a(OCoLC)899808168
=035  \\$a(PL)b0000003216630
=035  \\$a(PL-WaBN)b32166308-48omnis_nlop
=035  \\$a991029245349705066
=035  \\$ab32166308
=040  \\$aWA N$cWA N
=041  1\$ager$apol$hger
=100  1\$aWerner, Michael
=245  10$aLieber Schreiberhauptmann - Liebster Sombart :$bdie Freundschaft zwischen Carl Hauptmann und Werner Sombart /$cMichael Werner.
=260  \\$c2014.
=336  \\$aTekst$btxt$2rdacontent
=337  \\$aBez urządzenia pośredniczącego$bn$2rdamedia
=338  \\$aWolumin$bnc$2rdacarrier
=380  \\$aArtykuły
=501  \\$aWspółwyd.: Drogi Hauptmannie ze Szklarskiej - Najdroższy Sombarcie : przyjaźń Carla Hauptmanna i Wernera Sombarta / Michael Werner.
=546  \\$aTekst równol. niem., pol.
=600  17$aHauptmann, Carl$d(1858-1921)$2DBN$1http://viaf.org/viaf/29662650
=600  17$aSombart, Werner$d(1863-1941)$2DBN$1http://viaf.org/viaf/17239301
=648  \7$a1801-1900$2DBN
=648  \7$a1901-2000$2DBN
=650  \7$aPisarze niemieccy$y19-20 w.$2DBN
=650  \7$aSocjolodzy$zNiemcy$y20 w.$2DBN
=700  12$aWerner, Michael.$tDrogi Hauptmannie ze Szklarskiej - Najdroższy Sombarcie
=773  0\$iW:$tCarl Hauptmann i krąg jego przyjaciół = Carl Hauptmann und sein Freundeskreis,$gs. 193-217
=856  42$uhttp://libri.ucl.cas.cz/Record/b0000003205571$ychapter of: Carl Hauptmann i krąg jego przyjaciół = Carl Hauptmann und sein Freundeskreis, Szklarska Poręba, Jelenia Góra: Muzeum Karkonoskie 2014
=902  \\$a170219$c141011$dm$eb$f-$g0
=909  \\$ab0000032166308
=916  \\$aWerner, Michael
=918  12$aWerner, Michael.
=980  \\$aArtykuły
=995  \\$aPolska Bibliografia Literacka$bPBL 2013-2020: rozdziały książek
=996  \\$a.b32166308$9local
=998  \\$ao$av$9local
=999  \\$azk$bezm$bil

