=LDR  02005naa a2200493 i 4500
=001  b0000003216631
=005  20200501071322.3
=008  141011s2014\\\\pl\\\\\\\\\\\|000\0\ger\\
=009  991029245399705066
=035  \\$a(EXLNZ-48OMNIS_NETWORK)9910025317305606
=035  \\$a(OCoLC)899807999
=035  \\$a(PL)b0000003216631
=035  \\$a(PL-WaBN)b3216631x-48omnis_nlop
=035  \\$a991029245399705066
=035  \\$ab3216631x
=040  \\$aWA N$cWA N
=041  1\$ager$apol$hger
=100  1\$aSusen, Gerd-Hermann
=245  10$aÜber die Freundschaft :$bCarl Hauptmann und Christian von Ehrenfelds /$cGerd-Hermann Susen.
=260  \\$c2014.
=336  \\$aTekst$btxt$2rdacontent
=337  \\$aBez urządzenia pośredniczącego$bn$2rdamedia
=338  \\$aWolumin$bnc$2rdacarrier
=380  \\$aArtykuły
=501  \\$aWspółwyd.: O przyjaźni : Carl Hauptmann i Christian von Ehrenfelds / Gerd-Hermann Susen.
=546  \\$aTekst równol. niem., pol.
=600  17$aEhrenfels, Christian von$d(1859-1932)$2DBN$1http://viaf.org/viaf/24615366
=600  17$aHauptmann, Carl$d(1858-1921)$2DBN$1http://viaf.org/viaf/29662650
=648  \7$a1801-1900$2DBN
=648  \7$a1901-2000$2DBN
=650  \7$aFilozofowie$zNiemcy$y19-20 w.$2DBN
=650  \7$aPisarze niemieccy$y19-20 w.$2DBN
=700  12$aSusen, Gerd-Hermann.$tO przyjaźni
=773  0\$iW:$tCarl Hauptmann i krąg jego przyjaciół = Carl Hauptmann und sein Freundeskreis,$gs. 219-266
=856  42$uhttp://libri.ucl.cas.cz/Record/b0000003205571$ychapter of: Carl Hauptmann i krąg jego przyjaciół = Carl Hauptmann und sein Freundeskreis, Szklarska Poręba, Jelenia Góra: Muzeum Karkonoskie 2014
=902  \\$a170219$c141011$dm$eb$f-$g0
=909  \\$ab000003216631x
=916  \\$aSusen, Gerd-Hermann
=918  12$aSusen, Gerd-Hermann.
=980  \\$aArtykuły
=995  \\$aPolska Bibliografia Literacka$bPBL 2013-2020: rozdziały książek
=996  \\$a.b3216631x$9local
=998  \\$ao$av$9local
=999  \\$azk$bezm$bil

