=LDR  01883naa a2200481 i 4500
=001  b0000003217518
=005  20200927044858.7
=008  141013s2014\\\\pl\\\\\\\\\\\|000\0\pol\\
=009  991029280649705066
=035  \\$a(EXLNZ-48OMNIS_NETWORK)9910492575605606
=035  \\$a(OCoLC)899810630
=035  \\$a(PL)b0000003217518
=035  \\$a(PL-WaBN)b32175188-48omnis_nlop
=035  \\$a991029280649705066
=035  \\$ab32175188
=040  \\$aWA N$cWA N
=100  1\$aNosal, Łukasz
=245  10$aMarian Brandys :$bod apologety komunizmu do kronikarza KOR /$cŁukasz Nosal.
=260  \\$c2014.
=336  \\$aTekst$btxt$2rdacontent
=337  \\$aBez urządzenia pośredniczącego$bn$2rdamedia
=338  \\$aWolumin$bnc$2rdacarrier
=380  \\$iMajor genre$aLiterature$leng
=380  \\$aArtykuły
=381  \\$iMajor genre$aOther$leng
=600  17$aBrandys, Marian$d(1912-1998)$2DBN$1http://viaf.org/viaf/54180833
=648  \7$a1901-2000$2DBN
=648  \7$a1945-1989$2DBN
=650  \7$aPisarze polscy$y1944-1989 r.$2DBN
=651  \7$aWarszawa (woj. mazowieckie)$xkultura$y1944-1989 r.$2DBN
=655  \7$aBiografia$2DBN
=773  0\$iW:$aLetnia Szkoła Historii Najnowszej (7 ; 2013 ; Wola-Chojnata).$tLetnia Szkoła Historii Najnowszej 2013 : referaty,$gs. 206-214
=856  42$uhttp://libri.ucl.cas.cz/Record/b0000003205980$ychapter of: Letnia Szkoła Historii Najnowszej 2013 : referaty, Warszawa: Instytut Pamięci Narodowej - Komisja Ścigania Zbrodni przeciwko Narodowi Polskiemu 2014
=902  \\$a170219$c141013$dm$eb$f-$g0
=909  \\$ab0000032175188
=916  \\$aNosal, Łukasz
=951  \7$aWarszawa$xkultura$y1944-1989 r.$2DBN
=955  \7$aBiografia$2DBN
=980  \\$aArtykuły
=995  \\$aPolska Bibliografia Literacka$bPBL 2013-2020: rozdziały książek
=996  \\$a.b32175188$9local
=998  \\$ao$av$9local
=999  \\$azk$bas$bil

