=LDR  01787naa a2200445 i 4500
=001  b0000003217869
=005  20200502060015.0
=008  141011s2014\\\\pl\\\\\\\\\\\|000\0\pol\\
=009  991029294799705066
=035  \\$a(EXLNZ-48OMNIS_NETWORK)9910259571205606
=035  \\$a(OCoLC)899811902
=035  \\$a(PL)b0000003217869
=035  \\$a(PL-WaBN)b32178694-48omnis_nlop
=035  \\$a991029294799705066
=035  \\$ab32178694
=040  \\$aWA N$cWA N
=041  0\$apol$bger
=100  1\$aSzewczyk, Grażyna$d(1945- )$1http://viaf.org/viaf/69010467
=245  10$aW dialogu z literaturą i sztuką :$bprzyjaźń Carla Hauptmanna z Ottonem Modersohnem /$cGrażyna B. Szewczyk.
=260  \\$c2014.
=336  \\$aTekst$btxt$2rdacontent
=337  \\$aBez urządzenia pośredniczącego$bn$2rdamedia
=338  \\$aWolumin$bnc$2rdacarrier
=380  \\$aArtykuły
=546  \\$aStreszcz. niem.
=600  17$aHauptmann, Carl$d(1858-1921)$2DBN$1http://viaf.org/viaf/29662650
=600  1\$aModersohn, Otto$d(1865-1943)$1http://viaf.org/viaf/57407059
=648  \7$a1801-1900$2DBN
=648  \7$a1901-2000$2DBN
=650  \7$aPisarze niemieccy$y19-20 w.$2DBN
=773  0\$iW:$tCarl Hauptmann i krąg jego przyjaciół = Carl Hauptmann und sein Freundeskreis,$gs. 27-37
=856  42$uhttp://libri.ucl.cas.cz/Record/b0000003205571$ychapter of: Carl Hauptmann i krąg jego przyjaciół = Carl Hauptmann und sein Freundeskreis, Szklarska Poręba, Jelenia Góra: Muzeum Karkonoskie 2014
=902  \\$a170219$c141011$dm$eb$f-$g0
=909  \\$ab0000032178694
=916  \\$aSzewczyk, Grażyna   (1945- )
=980  \\$aArtykuły
=995  \\$aPolska Bibliografia Literacka$bPBL 2013-2020: rozdziały książek
=996  \\$a.b32178694$9local
=998  \\$ao$av$9local
=999  \\$azk$bezm

