=LDR  02066naa a2200481 i 4500
=001  b0000003217934
=005  20200507075634.0
=008  141013s2014\\\\pl\\\\\\\\\\\|000\0\pol\\
=009  991029297289705066
=035  \\$a(EXLNZ-48OMNIS_NETWORK)9910365096505606
=035  \\$a(OCoLC)899812069
=035  \\$a(PL)b0000003217934
=035  \\$a(PL-WaBN)b32179340-48omnis_nlop
=035  \\$a991029297289705066
=035  \\$ab32179340
=040  \\$aWA N$cWA N
=100  1\$aRudziński, Aleksander
=245  10$aListy z czasów przełomu :$bwyzwania Kościoła katolickiego w Polsce w korespondencji Jerzego z Tyczyna i Stanisława Reszki do Marcina Kromera /$cAleksander Rudziński.
=260  \\$c2014.
=336  \\$aTekst$btxt$2rdacontent
=337  \\$aBez urządzenia pośredniczącego$bn$2rdamedia
=338  \\$aWolumin$bnc$2rdacarrier
=380  \\$iMajor genre$aLiterature$leng
=380  \\$aArtykuły
=381  \\$iMajor genre$aOther$leng
=600  07$aJerzy z Tyczyna$d(ok. 1510-1591)$2DBN
=600  17$aKromer, Marcin$d(1512-1589)$2DBN$1http://viaf.org/viaf/44288262
=600  17$aReszka, Stanisław$d(1544-1600?)$2DBN$1http://viaf.org/viaf/79418272
=648  \7$a1501-1600$2DBN
=651  \7$aPolska$xpolityka$zpapiestwo$y16 w.$2DBN
=655  \7$aListy polsko-łacińskie$xhistoria$y16 w.$2DBN
=773  0\$iW:$tEcclesia et homines : instytucje i ludzie Kościoła w czasach Jagiellonów (XIV-XVI w.),$gs. 53-71
=856  42$uhttp://libri.ucl.cas.cz/Record/b0000003206510$ychapter of: Ecclesia et homines : instytucje i ludzie Kościoła w czasach Jagiellonów (XIV-XVI w.), Sandomierz: Wydawnictwo Diecezjalne i Drukarnia 2014
=902  \\$a180510$c141013$dm$eb$f-$g0
=909  \\$ab0000032179340
=916  \\$aRudziński, Aleksander
=951  \7$aPolska$xpolityka$zpapiestwo$y16 w.$2DBN
=955  \7$aListy polsko-łacińskie$xhistoria$y16 w.$2DBN
=980  \\$aArtykuły
=995  \\$aPolska Bibliografia Literacka$bPBL 2013-2020: rozdziały książek
=996  \\$a.b32179340$9local
=998  \\$ao$av$9local
=999  \\$azk$bkaw$cil

