=LDR  01992naa a2200481 i 4500
=001  b0000003217961
=005  20200501071323.7
=008  141013s2014\\\\pl\\\\\\\\\\\|000\0\pol\\
=009  991029298359705066
=035  \\$a(EXLNZ-48OMNIS_NETWORK)9910081575405606
=035  \\$a(OCoLC)899812187
=035  \\$a(PL)b0000003217961
=035  \\$a(PL-WaBN)b32179613-48omnis_nlop
=035  \\$a991029298359705066
=035  \\$ab32179613
=040  \\$aWA N$cWA N
=100  1\$aPolańska, Ewelina Lilia
=245  10$aImiennicy :$bJerzy z Tyczyna i Jerzy Radziwiłł : wzajemne kontakty w świetle korespondencji /$cEwelina Lilia Polańska.
=260  \\$c2014.
=336  \\$aTekst$btxt$2rdacontent
=337  \\$aBez urządzenia pośredniczącego$bn$2rdamedia
=338  \\$aWolumin$bnc$2rdacarrier
=380  \\$iMajor genre$aLiterature$leng
=380  \\$aArtykuły
=381  \\$iMajor genre$aOther$leng
=600  07$aJerzy z Tyczyna$d(ok. 1510-1591)$2DBN
=600  17$aRadziwiłł, Jerzy$d(1556-1600)$2DBN$1http://viaf.org/viaf/50140848
=648  \7$a1501-1600$2DBN
=650  \7$aSłużba zagraniczna polska$y16 w.$2DBN
=651  \7$aPolska$xpolityka$zpapiestwo$y16 w.$2DBN
=655  \7$aListy polsko-łacińskie$xhistoria$y16 w.$2DBN
=773  0\$iW:$tEcclesia et homines : instytucje i ludzie Kościoła w czasach Jagiellonów (XIV-XVI w.),$gs. 73-84
=856  42$uhttp://libri.ucl.cas.cz/Record/b0000003206510$ychapter of: Ecclesia et homines : instytucje i ludzie Kościoła w czasach Jagiellonów (XIV-XVI w.), Sandomierz: Wydawnictwo Diecezjalne i Drukarnia 2014
=902  \\$a180510$c141013$dm$eb$f-$g0
=909  \\$ab0000032179613
=916  \\$aPolańska, Ewelina Lilia
=951  \7$aPolska$xpolityka$zpapiestwo$y16 w.$2DBN
=955  \7$aListy polsko-łacińskie$xhistoria$y16 w.$2DBN
=980  \\$aArtykuły
=995  \\$aPolska Bibliografia Literacka$bPBL 2013-2020: rozdziały książek
=996  \\$a.b32179613$9local
=998  \\$ao$av$9local
=999  \\$azk$bkaw

