=LDR  02032naa a2200481 i 4500
=001  b0000003221211
=005  20200502060118.9
=008  141015s2014\\\\pl\\\\\\\\\\\|000\0\pol\\
=009  991029426429705066
=035  \\$a(EXLNZ-48OMNIS_NETWORK)9910403830805606
=035  \\$a(OCoLC)899822434
=035  \\$a(PL)b0000003221211
=035  \\$a(PL-WaBN)b32212112-48omnis_nlop
=035  \\$a991029426429705066
=035  \\$ab32212112
=040  \\$aWA N$cWA N$dWA N
=100  1\$aKaczmarek, Marta
=245  10$aPeregrynacje do Jerozolimy i Betlejem w XVI wieku w świetle diariuszy Anzelma Polaka, Jana Goryńskiego i Mikołaja Krzysztofa Radziwiłła "Sierotki" /$cMarta Kaczmarek.
=260  \\$c2014.
=336  \\$aTekst$btxt$2rdacontent
=337  \\$aBez urządzenia pośredniczącego$bn$2rdamedia
=338  \\$aWolumin$bnc$2rdacarrier
=380  \\$iMajor genre$aLiterature$leng
=380  \\$aArtykuły
=381  \\$iMajor genre$aOther$leng
=600  07$aAnzelm Polak$d(1460-ok. 1522)$2DBN
=600  17$aGoryński, Jan$2DBN
=600  17$aRadziwiłł, Mikołaj Krzysztof$d(1549-1616)$2DBN$1http://viaf.org/viaf/7690945
=648  \7$a1501-1600$2DBN
=650  \7$aPielgrzymki do Ziemi Świętej$zPolska$y16 w.$2DBN
=650  \7$aRelikwie$xkult$y16 w.$2DBN
=655  \7$aPamiętniki polsko-łacińskie$xhistoria$y16 w.$2DBN
=773  0\$iW:$tEcclesia et homines : instytucje i ludzie Kościoła w czasach Jagiellonów (XIV-XVI w.),$gs. 117-146
=856  42$uhttp://libri.ucl.cas.cz/Record/b0000003206510$ychapter of: Ecclesia et homines : instytucje i ludzie Kościoła w czasach Jagiellonów (XIV-XVI w.), Sandomierz: Wydawnictwo Diecezjalne i Drukarnia 2014
=902  \\$a170219$c141015$dm$eb$f-$g0
=909  \\$ab0000032212112
=916  \\$aKaczmarek, Marta
=955  \7$aPamiętniki polsko-łacińskie$xhistoria$y16 w.$2DBN
=980  \\$aArtykuły
=995  \\$aPolska Bibliografia Literacka$bPBL 2013-2020: rozdziały książek
=996  \\$a.b32212112$9local
=998  \\$ao$av$9local
=999  \\$azk$bkaw

