=LDR  01778naa a2200433 i 4500
=001  b0000003223243
=005  20200502060127.6
=008  141016s2014\\\\pl\\\\\\\\\\\|000\0\pol\\
=009  991029506259705066
=035  \\$a(EXLNZ-48OMNIS_NETWORK)9910287889605606
=035  \\$a(OCoLC)899828827
=035  \\$a(PL)b0000003223243
=035  \\$a(PL-WaBN)b32232433-48omnis_nlop
=035  \\$a991029506259705066
=035  \\$ab32232433
=040  \\$aWA N$cWA N
=100  1\$aZwolska-Płusa, Katarzyna$d(1986- )$1http://viaf.org/viaf/52151897161624070255
=245  10$aDwa oblicza żydowskiej matki w prozie Iryt Amiel i Haliny Birenbaum /$cKatarzyna Zwolska-Płusa.
=260  \\$c2014.
=336  \\$aTekst$btxt$2rdacontent
=337  \\$aBez urządzenia pośredniczącego$bn$2rdamedia
=338  \\$aWolumin$bnc$2rdacarrier
=380  \\$aArtykuły
=600  17$aBirenbaum, Halina$d(1929- )$2DBN$1http://viaf.org/viaf/106959907
=600  17$aʿAmiʾel, Irit$d(1931-2021)$2DBN$1http://viaf.org/viaf/90857446
=650  \7$aLiteratura żydowska$xtematyka$yod 1945 r.$2DBN
=650  \7$aMacierzyństwo$xw literaturze żydowskiej$2DBN
=650  \7$aŻydzi$xw literaturze żydowskiej.$2DBN
=650  \7$aJewish literature$2ELB-n
=773  0\$iW:$tTożsamość a stereotypy : Żydzi i Polacy,$gs. 44-56
=856  42$uhttp://libri.ucl.cas.cz/Record/b0000003210786$ychapter of: Tożsamość a stereotypy : Żydzi i Polacy, Częstochowa: Fundacja Instytut Samorządowy 2014
=902  \\$a171204$c141016$dm$eb$f-$g0
=909  \\$ab0000032232433
=916  \\$aZwolska-Płusa, Katarzyna   (1986- )
=980  \\$aArtykuły
=995  \\$aPolska Bibliografia Literacka$bPBL 2013-2020: rozdziały książek
=996  \\$a.b32232433$9local
=998  \\$ao$av$9local
=999  \\$azk$bkcm

