=LDR  01533naa a2200409 i 4500
=001  b0000003223500
=005  20200502060123.3
=008  141016s2014\\\\pl\\\\\\\\\\\|000\0\pol\\
=009  991029516579705066
=035  \\$a(EXLNZ-48OMNIS_NETWORK)9910410152305606
=035  \\$a(OCoLC)899829621
=035  \\$a(PL)b0000003223500
=035  \\$a(PL-WaBN)b32235008-48omnis_nlop
=035  \\$a991029516579705066
=035  \\$ab32235008
=040  \\$aWA N$cWA N
=100  1\$aMisiak, Dawid
=245  10$aZastosowanie dramy w resocjalizacji i profilaktyce społecznej /$cDawid Misiak.
=260  \\$c2014.
=336  \\$aTekst$btxt$2rdacontent
=337  \\$aBez urządzenia pośredniczącego$bn$2rdamedia
=338  \\$aWolumin$bnc$2rdacarrier
=380  \\$aArtykuły
=504  \\$aBibliogr. s. 455-456.
=650  \7$aDrama (pedagogika)$2DBN
=650  \7$aPedagogika resocjalizacyjna$2DBN
=650  \7$aDrama$2ELB-g
=773  0\$iW:$tWspółczesne uwarunkowania i wzory procesów resocjalizacji, reintegracji, inkluzji,$gs. 442-456
=856  42$uhttp://libri.ucl.cas.cz/Record/b0000003213075$ychapter of: Współczesne uwarunkowania i wzory procesów resocjalizacji, reintegracji, inkluzji, Warszawa: Wydawnictwo Akademii Pedagogiki Specjalnej 2014
=902  \\$a170219$c141016$dm$eb$f-$g0
=909  \\$ab0000032235008
=916  \\$aMisiak, Dawid
=980  \\$aArtykuły
=995  \\$aPolska Bibliografia Literacka$bPBL 2013-2020: rozdziały książek
=996  \\$a.b32235008$9local
=998  \\$ao$av$9local
=999  \\$azk$bma

