=LDR  01732naa a2200421 i 4500
=001  b0000003223527
=005  20200502060131.0
=008  141016s2014\\\\pl\\\\\\\\\\\|000\0\pol\\
=009  991029517549705066
=035  \\$a(EXLNZ-48OMNIS_NETWORK)9910478053605606
=035  \\$a(OCoLC)899830099
=035  \\$a(PL)b0000003223527
=035  \\$a(PL-WaBN)b32235276-48omnis_nlop
=035  \\$a991029517549705066
=035  \\$ab32235276
=040  \\$aWA N$cWA N
=100  1\$aDziedzic, Stanisław$d(1953-2021)$1http://viaf.org/viaf/22550747
=245  10$aU podstaw tych samych wyzwań :$bAlbert Chmielowski i Karol Wojtyła /$cStanisław Dziedzic.
=260  \\$c2014.
=336  \\$aTekst$btxt$2rdacontent
=337  \\$aBez urządzenia pośredniczącego$bn$2rdamedia
=338  \\$aWolumin$bnc$2rdacarrier
=380  \\$aArtykuły
=600  07$aChmielowski, Adam$c(św. ;$d(1846-1916)$xw literaturze polskiej$2DBN$1http://viaf.org/viaf/146087109
=600  07$aJan Paweł$bII$c(papież ;$d1920-2005)$2DBN
=648  \7$a1901-2000$2DBN
=655  \7$aLiteratura polska$xtematyka$y20 w.$2DBN
=773  0\$iW:$t125 lat dzieła Brata Alberta : materiały z sesji,$gs. 67-86
=856  42$uhttp://libri.ucl.cas.cz/Record/b0000003220930$ychapter of: 125 lat dzieła Brata Alberta : materiały z sesji, Kraków: Stowarzyszenie Przyjaciół DPS im. Św. Brata Alberta "Ecce Homo" 2014
=902  \\$a170219$c141016$dm$eb$f-$g0
=909  \\$ab0000032235276
=916  \\$aDziedzic, Stanisław   (1953- )
=955  \7$aLiteratura polska$xtematyka$y20 w.$2DBN
=980  \\$aArtykuły
=995  \\$aPolska Bibliografia Literacka$bPBL 2013-2020: rozdziały książek
=996  \\$a.b32235276$9local
=998  \\$ao$av$9local
=999  \\$azk$bil

