=LDR  01722naa a2200445 i 4500
=001  b0000003223574
=005  20200501071345.2
=008  141016s2014\\\\pl\\\\\\\\\\\|000\0\pol\\
=009  991029519439705066
=035  \\$a(EXLNZ-48OMNIS_NETWORK)9910108578105606
=035  \\$a(OCoLC)899830122
=035  \\$a(PL)b0000003223574
=035  \\$a(PL-WaBN)b32235744-48omnis_nlop
=035  \\$a991029519439705066
=035  \\$ab32235744
=040  \\$aWA N$cWA N
=100  1\$aBiernat, Renata
=245  10$aTerapia dramą i zabawa w teatr w kontekście symulowania kreatywności osób z niepełnosprawnością intelektualną /$cRenata Biernat.
=260  \\$c2014.
=336  \\$aTekst$btxt$2rdacontent
=337  \\$aBez urządzenia pośredniczącego$bn$2rdamedia
=338  \\$aWolumin$bnc$2rdacarrier
=380  \\$aArtykuły
=504  \\$aBibliogr. s. 123-124.
=650  \7$aDrama (pedagogika)$2DBN
=650  \7$aMyślenie twórcze$2DBN
=650  \7$aOsoby z niepełnosprawnością intelektualną$xpsychologia$2DBN
=650  \7$aOsoby z niepełnosprawnością intelektualną$xpsychoterapia$2DBN
=650  \7$aTeatroterapia$2DBN
=650  \7$aDrama$2ELB-g
=773  0\$iW:$tPatologie społeczne : rys terminologiczny, teoretyczny i praktyczny,$gs. 115-124
=856  42$uhttp://libri.ucl.cas.cz/Record/b0000003220970$ychapter of: Patologie społeczne : rys terminologiczny, teoretyczny i praktyczny, Płock: Wydawnictwo PWSZ 2014
=902  \\$a180426$c141016$dm$eb$f-$g0
=909  \\$ab0000032235744
=916  \\$aBiernat, Renata
=980  \\$aArtykuły
=995  \\$aPolska Bibliografia Literacka$bPBL 2013-2020: rozdziały książek
=996  \\$a.b32235744$9local
=998  \\$ao$av$9local
=999  \\$azk$bil

