=LDR  02081naa a2200541 i 4500
=001  b0000003223762
=005  20200502060026.2
=008  141017s2014\\\\pl\\\\\\\\\\\|000\0\pol\\
=009  991029526909705066
=035  \\$a(EXLNZ-48OMNIS_NETWORK)9910476707505606
=035  \\$a(OCoLC)899830924
=035  \\$a(PL)b0000003223762
=035  \\$a(PL-WaBN)b32237625-48omnis_nlop
=035  \\$a991029526909705066
=035  \\$ab32237625
=040  \\$aWA N$cWA N
=041  0\$apol$beng
=100  1\$aBenenowska, Iwona
=245  10$aDowcip językowy w listach Marii z Kossaków Jasnorzewskiwej do męża - współczesna recepcja /$cIwona Benenowska ; Uniwersytet Kazimierza Wielkiego, Bydgoszcz.
=260  \\$c2014.
=336  \\$aTekst$btxt$2rdacontent
=337  \\$aBez urządzenia pośredniczącego$bn$2rdamedia
=338  \\$aWolumin$bnc$2rdacarrier
=380  \\$iMajor genre$aLiterature$leng
=380  \\$aArtykuły
=381  \\$iMajor genre$aOther$leng
=504  \\$aBibliogr. s. 29-30.
=546  \\$aStreszcz. ang.
=600  17$aPawlikowska-Jasnorzewska, Maria$d(1891-1945)$2DBN$1http://viaf.org/viaf/88042876
=648  \7$a1901-2000$2DBN
=650  \7$aJęzyk polski$xstylistyka$2DBN
=650  \7$aKomizm$xw literaturze polskiej$2DBN
=655  \7$aListy polskie$xstylistyka$y20 w.$2DBN
=655  \7$aListy polskie$xtematyka$y20 w.$2DBN
=710  2\$aUniwersytet Kazimierza Wielkiego (Bydgoszcz)$4oth
=773  0\$iW:$tJęzyk, estetyka, sztuka,$gs. 19-30
=856  42$uhttp://libri.ucl.cas.cz/Record/b0000003212254$ychapter of: Język, estetyka, sztuka, Bydgoszcz: Bydgoskie Towarzystwo Naukowe 2014
=902  \\$a170915$c141017$dm$eb$f-$g0
=909  \\$ab0000032237625
=916  \\$aBenenowska, Iwona
=921  2\$aUniwersytet Kazimierza Wielkiego (Bydgoszcz)
=955  \7$aListy polskie$xstylistyka$y20 w.$2DBN
=955  \7$aListy polskie$xtematyka$y20 w.$2DBN
=980  \\$aArtykuły
=995  \\$aPolska Bibliografia Literacka$bPBL 2013-2020: rozdziały książek
=996  \\$a.b32237625$9local
=998  \\$ao$av$9local
=999  \\$azk$btk$bbp

