=LDR  02097naa a2200517 i 4500
=001  b0000003223781
=005  20200502060043.7
=008  141017s2014\\\\pl\\\\\\\\\\\|000\0\pol\\
=009  991029527629705066
=035  \\$a(EXLNZ-48OMNIS_NETWORK)9910516900305606
=035  \\$a(OCoLC)899830999
=035  \\$a(PL)b0000003223781
=035  \\$a(PL-WaBN)b32237819-48omnis_nlop
=035  \\$a991029527629705066
=035  \\$ab32237819
=040  \\$aWA N$cWA N
=041  0\$apol$beng
=100  1\$aBurzka-Janik, Małgorzata$d(1977- )$1http://viaf.org/viaf/102295298
=245  10$aPoezja przesiąknięta muzycznością rymów :$b"Dansing" Marii Pawlikowskiej-Jasnorzewskiej jako przedmiot lekcji języka polskiego /$cMałgorzata Burzka-Janik ; Uniwersytet Opolski.
=246  30$a"Dansing" Marii Pawlikowskiej-Jasnorzewskiej jako przedmiot lekcji języka polskiego
=260  \\$c2014.
=336  \\$aTekst$btxt$2rdacontent
=337  \\$aBez urządzenia pośredniczącego$bn$2rdamedia
=338  \\$aWolumin$bnc$2rdacarrier
=380  \\$iMajor genre$aLiterature$leng
=380  \\$aArtykuły
=381  \\$iMajor genre$aLyrical poetry$leng
=504  \\$aBibliogr. s. 40.
=546  \\$aStreszcz. ang.
=600  17$aPawlikowska-Jasnorzewska, Maria$d(1891-1945)$tDancing. Karnet balowy$2DBN$1http://viaf.org/viaf/88042876
=648  \7$a1901-2000$2DBN
=650  \7$aMuzyka$xw literaturze polskiej$2DBN
=655  \7$aPoezja polska$xtematyka$y20 w.$2DBN
=710  2\$aUniwersytet Opolski$4oth
=773  0\$iW:$tJęzyk, estetyka, sztuka,$gs. 31-41
=856  42$uhttp://libri.ucl.cas.cz/Record/b0000003212254$ychapter of: Język, estetyka, sztuka, Bydgoszcz: Bydgoskie Towarzystwo Naukowe 2014
=902  \\$a170219$c141017$dm$eb$f-$g0
=909  \\$ab0000032237819
=916  \\$aBurzka-Janik, Małgorzata   (1977- )
=921  2\$aUniwersytet Opolski
=955  \7$aPoezja polska$xtematyka$y20 w.$2DBN
=980  \\$aArtykuły
=995  \\$aPolska Bibliografia Literacka$bPBL 2013-2020: rozdziały książek
=996  \\$a.b32237819$9local
=998  \\$ao$av$9local
=999  \\$azk$btk$bbp

