=LDR  01883naa a2200505 i 4500
=001  b0000003223790
=005  20200501071351.0
=008  141017s2014\\\\pl\\\\\\\\\\\|000\0\pol\\
=009  991029527939705066
=035  \\$a(EXLNZ-48OMNIS_NETWORK)9910031077105606
=035  \\$a(OCoLC)899830875
=035  \\$a(PL)b0000003223790
=035  \\$a(PL-WaBN)b3223790x-48omnis_nlop
=035  \\$a991029527939705066
=035  \\$ab3223790x
=040  \\$aWA N$cWA N
=041  0\$apol$beng
=100  1\$aCzachorowska, Magdalena
=245  10$aSztuka w "Faraonie" Bolesława Prusa /$cMagdalena Czachorowska ; Uniwersytet Kazimierza Wielkiego, Bydgoszcz.
=260  \\$c2014.
=336  \\$aTekst$btxt$2rdacontent
=337  \\$aBez urządzenia pośredniczącego$bn$2rdamedia
=338  \\$aWolumin$bnc$2rdacarrier
=380  \\$iMajor genre$aLiterature$leng
=380  \\$aArtykuły
=381  \\$iMajor genre$aFiction$leng
=504  \\$aBibliogr. s. 51.
=546  \\$aStreszcz. ang.
=600  17$aPrus, Bolesław$d(1847-1912)$tFaraon$2DBN$1http://viaf.org/viaf/64016160
=648  \7$a1801-1900$2DBN
=650  \7$aSztuka$xw literaturze polskiej.$2DBN
=655  \7$aPowieść polska$xtematyka$y19 w.$2DBN
=710  2\$aUniwersytet Kazimierza Wielkiego (Bydgoszcz)$4oth
=773  0\$iW:$tJęzyk, estetyka, sztuka,$gs. 43-52
=856  42$uhttp://libri.ucl.cas.cz/Record/b0000003212254$ychapter of: Język, estetyka, sztuka, Bydgoszcz: Bydgoskie Towarzystwo Naukowe 2014
=902  \\$a170915$c141017$dm$eb$f-$g0
=909  \\$ab000003223790x
=916  \\$aCzachorowska, Magdalena
=921  2\$aUniwersytet Kazimierza Wielkiego (Bydgoszcz)
=955  \7$aPowieść polska$xtematyka$y19 w.$2DBN
=980  \\$aArtykuły
=995  \\$aPolska Bibliografia Literacka$bPBL 2013-2020: rozdziały książek
=996  \\$a.b3223790x$9local
=998  \\$ao$av$9local
=999  \\$azk$btk$bbp

