=LDR  01921naa a2200505 i 4500
=001  b0000003223818
=005  20200502060105.4
=008  141017s2014\\\\pl\\\\\\\\\\\|000\0\pol\\
=009  991029528949705066
=035  \\$a(EXLNZ-48OMNIS_NETWORK)9910335174405606
=035  \\$a(OCoLC)899831140
=035  \\$a(PL)b0000003223818
=035  \\$a(PL-WaBN)b32238186-48omnis_nlop
=035  \\$a991029528949705066
=035  \\$ab32238186
=040  \\$aWA N$cWA N
=041  0\$apol$beng
=100  1\$aDąbrowska, Alicja$d(1966- )$1http://viaf.org/viaf/8333020
=245  10$aDeskrypcja dźwięków w liryce Adama Asnyka /$cAlicja Dąbrowska ; Uniwersytet Kazimierza Wielkiego, Bydgoszcz.
=260  \\$c2014.
=336  \\$aTekst$btxt$2rdacontent
=337  \\$aBez urządzenia pośredniczącego$bn$2rdamedia
=338  \\$aWolumin$bnc$2rdacarrier
=380  \\$iMajor genre$aLiterature$leng
=380  \\$aArtykuły
=381  \\$iMajor genre$aLyrical poetry$leng
=504  \\$aBibliogr. s. 67-68.
=546  \\$aStreszcz. ang.
=600  17$aAsnyk, Adam$d(1838-1897)$2DBN$1http://viaf.org/viaf/56736483
=648  \7$a1801-1900$2DBN
=650  \7$aDźwięk$xw literaturze polskiej.$2DBN
=655  \7$aPoezja polska$xtematyka$y19 w.$2DBN
=710  2\$aUniwersytet Kazimierza Wielkiego (Bydgoszcz)$4oth
=773  0\$iW:$tJęzyk, estetyka, sztuka,$gs. 53-69
=856  42$uhttp://libri.ucl.cas.cz/Record/b0000003212254$ychapter of: Język, estetyka, sztuka, Bydgoszcz: Bydgoskie Towarzystwo Naukowe 2014
=902  \\$a170915$c141017$dm$eb$f-$g0
=909  \\$ab0000032238186
=916  \\$aDąbrowska, Alicja   (1966- )
=921  2\$aUniwersytet Kazimierza Wielkiego (Bydgoszcz)
=955  \7$aPoezja polska$xtematyka$y19 w.$2DBN
=980  \\$aArtykuły
=995  \\$aPolska Bibliografia Literacka$bPBL 2013-2020: rozdziały książek
=996  \\$a.b32238186$9local
=998  \\$ao$av$9local
=999  \\$azk$btk$bbp

