=LDR  02225naa a2200517 i 4500
=001  b0000003223843
=005  20200502060009.3
=008  141017s2014\\\\pl\\\\\\\\\\\|000\0\pol\\
=009  991029529959705066
=035  \\$a(EXLNZ-48OMNIS_NETWORK)9910123954005606
=035  \\$a(OCoLC)899831243
=035  \\$a(PL)b0000003223843
=035  \\$a(PL-WaBN)b32238435-48omnis_nlop
=035  \\$a991029529959705066
=035  \\$ab32238435
=040  \\$aWA N$cWA N
=041  0\$apol$beng
=100  1\$aGołuński, Mirosław$d(1973- )$1http://viaf.org/viaf/19457705
=245  10$aAntyczny akt dla średniowiecznego chrześcijanina w interpretacji XX-wiecznych pisarzy ("Czerwone tarcze" Jarosława Iwaszkiewicza, "Przyszedłam rozłączyć..." Jana Dobraczyńskiego) /$cMirosław Gołuński ; Uniwersytet Kazimierza Wielkiego, Bydgoszcz.
=260  \\$c2014.
=336  \\$aTekst$btxt$2rdacontent
=337  \\$aBez urządzenia pośredniczącego$bn$2rdamedia
=338  \\$aWolumin$bnc$2rdacarrier
=380  \\$iMajor genre$aLiterature$leng
=380  \\$aArtykuły
=381  \\$iMajor genre$aFiction$leng
=504  \\$aBibliogr. s. 80-81.
=546  \\$aStreszcz. ang.
=600  17$aDobraczyński, Jan$d(1910-1994)$tPrzyszedłem rozłączyć...$2DBN$1http://viaf.org/viaf/113555493
=600  17$aIwaszkiewicz, Jarosław$d(1894-1980)$tCzerwone tarcze$2DBN$1http://viaf.org/viaf/108670592
=648  \7$a1901-2000$2DBN
=650  \7$aKultura klasyczna$xw literaturze polskiej$2DBN
=655  \7$aPowieść polska$xtematyka$y20 w.$2DBN
=710  2\$aUniwersytet Kazimierza Wielkiego (Bydgoszcz)$4oth
=773  0\$iW:$tJęzyk, estetyka, sztuka,$gs. 71-81
=856  42$uhttp://libri.ucl.cas.cz/Record/b0000003212254$ychapter of: Język, estetyka, sztuka, Bydgoszcz: Bydgoskie Towarzystwo Naukowe 2014
=902  \\$a170915$c141017$dm$eb$f-$g0
=909  \\$ab0000032238435
=916  \\$aGołuński, Mirosław   (1973- )
=921  2\$aUniwersytet Kazimierza Wielkiego (Bydgoszcz)
=955  \7$aPowieść polska$xtematyka$y20 w.$2DBN
=980  \\$aArtykuły
=995  \\$aPolska Bibliografia Literacka$bPBL 2013-2020: rozdziały książek
=996  \\$a.b32238435$9local
=998  \\$ao$av$9local
=999  \\$azk$btk$bbp

