=LDR  01850naa a2200505 i 4500
=001  b0000003224133
=005  20200501071404.9
=008  141017s2014\\\\pl\\\\\\\\\\\|000\0\pol\\
=009  991029541349705066
=035  \\$a(EXLNZ-48OMNIS_NETWORK)9910133508005606
=035  \\$a(OCoLC)899832277
=035  \\$a(PL)b0000003224133
=035  \\$a(PL-WaBN)b32241331-48omnis_nlop
=035  \\$a991029541349705066
=035  \\$ab32241331
=040  \\$aWA N$cWA N
=041  0\$apol$beng
=100  1\$aGórecka, Ewa$c(polonista)
=245  10$aBarwy w liryce starych poetów - o dwóch znaczeniach zieleni /$cEwa Górecka ; Uniwersytet Kazimierza Wielkiego, Bydgoszcz.
=260  \\$c2014.
=336  \\$aTekst$btxt$2rdacontent
=337  \\$aBez urządzenia pośredniczącego$bn$2rdamedia
=338  \\$aWolumin$bnc$2rdacarrier
=380  \\$iMajor genre$aLiterature$leng
=380  \\$aArtykuły
=381  \\$iMajor genre$aLyrical poetry$leng
=504  \\$aBibliogr. s. 92-93.
=546  \\$aStreszcz. ang.
=648  \7$a1901-2000$2DBN
=648  \7$a2001-$2DBN
=650  \7$aBarwy$xw literaturze polskiej$2DBN
=655  \7$aPoezja polska$xtematyka$y20-21 w.$2DBN
=710  2\$aUniwersytet Kazimierza Wielkiego (Bydgoszcz)$4oth
=773  0\$iW:$tJęzyk, estetyka, sztuka,$gs. 83-94
=856  42$uhttp://libri.ucl.cas.cz/Record/b0000003212254$ychapter of: Język, estetyka, sztuka, Bydgoszcz: Bydgoskie Towarzystwo Naukowe 2014
=902  \\$a170915$c141017$dm$eb$f-$g0
=909  \\$ab0000032241331
=916  \\$aGórecka, Ewa  (polonista)
=921  2\$aUniwersytet Kazimierza Wielkiego (Bydgoszcz)
=955  \7$aPoezja polska$xtematyka$y20-21 w.$2DBN
=980  \\$aArtykuły
=995  \\$aPolska Bibliografia Literacka$bPBL 2013-2020: rozdziały książek
=996  \\$a.b32241331$9local
=998  \\$ao$av$9local
=999  \\$azk$btk$bbp

