=LDR  01958naa a2200517 i 4500
=001  b0000003224382
=005  20200502060103.6
=008  141017s2014\\\\pl\\\\\\\\\\\|000\0\pol\\
=009  991029551059705066
=035  \\$a(EXLNZ-48OMNIS_NETWORK)9910293054905606
=035  \\$a(OCoLC)899832355
=035  \\$a(PL)b0000003224382
=035  \\$a(PL-WaBN)b32243820-48omnis_nlop
=035  \\$a991029551059705066
=035  \\$ab32243820
=040  \\$aWA N$cWA N
=041  0\$apol$beng
=100  1\$aJaroń, Magdalena M.
=245  10$aMiędzy sielanką a tragizmem - wyjątkowe ujęcie chmur w poezji Czesława Miłosza /$cMagdalena M. Jaroń ; Uniwersytet Kazimierza Wielkiego, Bydgoszcz.
=260  \\$c2014.
=336  \\$aTekst$btxt$2rdacontent
=337  \\$aBez urządzenia pośredniczącego$bn$2rdamedia
=338  \\$aWolumin$bnc$2rdacarrier
=380  \\$iMajor genre$aLiterature$leng
=380  \\$aArtykuły
=381  \\$iMajor genre$aLyrical poetry$leng
=504  \\$aBibliogr. s. 113-114.
=546  \\$aStreszcz. ang.
=600  17$aMiłosz, Czesław$d(1911-2004)$2DBN$1http://viaf.org/viaf/110389400
=648  \7$a1901-2000$2DBN
=648  \7$a2001-$2DBN
=650  \7$aChmury$xw literaturze polskiej.$2DBN
=655  \7$aPoezja polska$xtematyka$y20-21 w.$2DBN
=710  2\$aUniwersytet Kazimierza Wielkiego (Bydgoszcz)$4oth
=773  0\$iW:$tJęzyk, estetyka, sztuka,$gs. 105-114
=856  42$uhttp://libri.ucl.cas.cz/Record/b0000003212254$ychapter of: Język, estetyka, sztuka, Bydgoszcz: Bydgoskie Towarzystwo Naukowe 2014
=902  \\$a170915$c141017$dm$eb$f-$g0
=909  \\$ab0000032243820
=916  \\$aJaroń, Magdalena M.
=921  2\$aUniwersytet Kazimierza Wielkiego (Bydgoszcz)
=955  \7$aPoezja polska$xtematyka$y20-21 w.$2DBN
=980  \\$aArtykuły
=995  \\$aPolska Bibliografia Literacka$bPBL 2013-2020: rozdziały książek
=996  \\$a.b32243820$9local
=998  \\$ao$av$9local
=999  \\$azk$btk$bbp

