=LDR  02130naa a2200529 i 4500
=001  b0000003224445
=005  20200501071347.5
=008  141017s2014\\\\pl\\\\\\\\\\\|000\0\pol\\
=009  991029553669705066
=035  \\$a(EXLNZ-48OMNIS_NETWORK)9910121868705606
=035  \\$a(OCoLC)899833231
=035  \\$a(PL)b0000003224445
=035  \\$a(PL-WaBN)b32244459-48omnis_nlop
=035  \\$a991029553669705066
=035  \\$ab32244459
=040  \\$aWA N$cWA N
=041  0\$apol$beng
=100  1\$aJastrzębska-Golonka, Danuta
=245  10$aPiękno i brzydota jako kulturowe wyznaczniki oceny osób niepełnosprawnych :$b(na przykładzie "Poczwarki" Doroty Terakowskiej) /$cDanuta Jastrzębska-Golonka ; Uniwersytet Kazimierza Wielkiego, Bydgoszcz.
=260  \\$c2014.
=336  \\$aTekst$btxt$2rdacontent
=337  \\$aBez urządzenia pośredniczącego$bn$2rdamedia
=338  \\$aWolumin$bnc$2rdacarrier
=380  \\$iMajor genre$aLiterature$leng
=380  \\$aArtykuły
=381  \\$iMajor genre$aFiction$leng
=504  \\$aBibliogr. s. 137-138.
=546  \\$aStreszcz. ang.
=600  17$aTerakowska, Dorota$d(1938-2004)$tPoczwarka$2DBN$1http://viaf.org/viaf/69053217
=648  \7$a2001-$2DBN
=650  \7$aBrzydota$xw literaturze polskiej$2DBN
=650  \7$aOsoby z niepełnosprawnością$xw literaturze polskiej$2DBN
=650  \7$aPiękno$xw literaturze polskiej$2DBN
=655  \7$aPowieść polska$xtematyka$y21 w.$2DBN
=710  2\$aUniwersytet Kazimierza Wielkiego (Bydgoszcz)$4oth
=773  0\$iW:$tJęzyk, estetyka, sztuka,$gs. 127-138
=856  42$uhttp://libri.ucl.cas.cz/Record/b0000003212254$ychapter of: Język, estetyka, sztuka, Bydgoszcz: Bydgoskie Towarzystwo Naukowe 2014
=902  \\$a170915$c141017$dm$eb$f-$g0
=909  \\$ab0000032244459
=916  \\$aJastrzębska-Golonka, Danuta
=921  2\$aUniwersytet Kazimierza Wielkiego (Bydgoszcz)
=955  \7$aPowieść polska$xtematyka$y21 w.$2DBN
=980  \\$aArtykuły
=995  \\$aPolska Bibliografia Literacka$bPBL 2013-2020: rozdziały książek
=996  \\$a.b32244459$9local
=998  \\$ao$av$9local
=999  \\$azk$btk$bbp

