=LDR  01979naa a2200505 i 4500
=001  b0000003225517
=005  20200502060131.0
=008  141020s2014\\\\pl\\\\\\\\\\\|000\0\pol\\
=009  991029595409705066
=035  \\$a(EXLNZ-48OMNIS_NETWORK)9910260965105606
=035  \\$a(OCoLC)899836464
=035  \\$a(PL)b0000003225517
=035  \\$a(PL-WaBN)b32255172-48omnis_nlop
=035  \\$a991029595409705066
=035  \\$ab32255172
=040  \\$aWA N$cWA N
=041  0\$apol$beng
=100  1\$aWaligóra, Jerzy$d(1952- )$1http://viaf.org/viaf/34711825
=245  10$aSzekspir Andrzeja Żurowskiego /$cJerzy Waligóra ; Uniwersytet Pedagogiczny w Krakowie.
=260  \\$c2014.
=336  \\$aTekst$btxt$2rdacontent
=337  \\$aBez urządzenia pośredniczącego$bn$2rdamedia
=338  \\$aWolumin$bnc$2rdacarrier
=380  \\$iMajor genre$aLiterature$leng
=380  \\$aArtykuły
=381  \\$iMajor genre$aDrama$leng
=546  \\$aStreszcz. ang.
=600  17$aShakespeare, William$d(1564-1616)$2DBN$1http://viaf.org/viaf/96994048
=600  17$aŻurowski, Andrzej$d(1944-2013)$2DBN$1http://viaf.org/viaf/12340544
=648  \7$a1501-1600$2DBN
=648  \7$a1601-1700$2DBN
=655  \7$aDramat angielski$xhistoria$y16-17 w.$2DBN
=710  2\$aUniwersytet Pedagogiczny im. Komisji Edukacji Narodowej (Kraków)$4oth
=773  0\$iW:$tSzekspir(y) Żurowskiego,$gs. 27-[42]
=856  42$uhttp://libri.ucl.cas.cz/Record/b0000003225188$ychapter of: Szekspir(y) Żurowskiego, Słupsk: Wydawnictwo Naukowe Akademii Pomorskiej 2014
=902  \\$a170313$c141020$dm$eb$f-$g0
=909  \\$ab0000032255172
=916  \\$aWaligóra, Jerzy   (1952- )
=921  2\$aUniwersytet Pedagogiczny im. Komisji Edukacji Narodowej (Kraków)
=955  \7$aDramat angielski$xhistoria$y16-17 w.$2DBN
=980  \\$aArtykuły
=995  \\$aPolska Bibliografia Literacka$bPBL 2013-2020: rozdziały książek
=996  \\$a.b32255172$9local
=998  \\$ao$av$9local
=999  \\$azk$bezm

