=LDR  01872naa a2200469 i 4500
=001  b0000003225553
=005  20200502060014.2
=008  141020s2014\\\\pl\\\\\\\\\\\|000\0\pol\\
=009  991029596769705066
=035  \\$a(EXLNZ-48OMNIS_NETWORK)9910172523105606
=035  \\$a(OCoLC)899836759
=035  \\$a(PL)b0000003225553
=035  \\$a(PL-WaBN)b32255536-48omnis_nlop
=035  \\$a991029596769705066
=035  \\$ab32255536
=040  \\$aWA N$cWA N
=041  0\$apol$beng
=100  1\$aLatawiec, Krystyna
=245  10$aMiędzy felietonem a gawędą :$bAndrzeja Żurowskiego refleksje o życiu i teatrze /$cKrystyna Latawiec ; Uniwersytet Pedagogiczny w Krakowie.
=260  \\$c2014.
=336  \\$aTekst$btxt$2rdacontent
=337  \\$aBez urządzenia pośredniczącego$bn$2rdamedia
=338  \\$aWolumin$bnc$2rdacarrier
=380  \\$iMajor genre$aLiterature$leng
=380  \\$aArtykuły
=381  \\$iMajor genre$aOther$leng
=600  17$aŻurowski, Andrzej$d(1944-2013)$2DBN$1http://viaf.org/viaf/12340544
=650  \7$aTeatrologia$xhistoria$zPolska$yod 1944 r.$2DBN
=655  \7$aFelieton polski$xhistoria$yod 1944 r.$2DBN
=710  2\$aUniwersytet Pedagogiczny im. Komisji Edukacji Narodowej (Kraków)$4oth
=773  0\$iW:$tSzekspir(y) Żurowskiego,$gs. 45-[58]
=856  42$uhttp://libri.ucl.cas.cz/Record/b0000003225188$ychapter of: Szekspir(y) Żurowskiego, Słupsk: Wydawnictwo Naukowe Akademii Pomorskiej 2014
=902  \\$a170313$c141020$dm$eb$f-$g0
=909  \\$ab0000032255536
=916  \\$aLatawiec, Krystyna
=921  2\$aUniwersytet Pedagogiczny im. Komisji Edukacji Narodowej (Kraków)
=955  \7$aFelieton polski$xhistoria$yod 1944 r.$2DBN
=980  \\$aArtykuły
=995  \\$aPolska Bibliografia Literacka$bPBL 2013-2020: rozdziały książek
=996  \\$a.b32255536$9local
=998  \\$ao$av$9local
=999  \\$azk$bezm

