=LDR  01599naa a2200433 i 4500
=001  b0000003225566
=005  20200501071427.6
=008  141020s2014\\\\pl\\\\\\\\\\\|000\0\pol\\
=009  991029597259705066
=035  \\$a(EXLNZ-48OMNIS_NETWORK)9910028250705606
=035  \\$a(OCoLC)899836488
=035  \\$a(PL)b0000003225566
=035  \\$a(PL-WaBN)b32255664-48omnis_nlop
=035  \\$a991029597259705066
=035  \\$ab32255664
=040  \\$aWA N$cWA N
=041  0\$apol$beng
=100  1\$aCiechowicz, Jan$d(1949-2017)$1http://viaf.org/viaf/66505074
=245  10$aO krytyce "wściekłej": Andrzej Żurowski /$cJan Ciechowicz ; Uniwersytet Gdański.
=260  \\$c2014.
=336  \\$aTekst$btxt$2rdacontent
=337  \\$aBez urządzenia pośredniczącego$bn$2rdamedia
=338  \\$aWolumin$bnc$2rdacarrier
=380  \\$aArtykuły
=546  \\$aStreszcz. ang.
=600  17$aŻurowski, Andrzej$d(1944-2013)$2DBN$1http://viaf.org/viaf/12340544
=650  \7$aKrytycy teatralni$zPolska$yod 1944 r.$2DBN
=710  2\$aUniwersytet Gdański$4oth
=773  0\$iW:$tSzekspir(y) Żurowskiego,$gs. 61-[70]
=856  42$uhttp://libri.ucl.cas.cz/Record/b0000003225188$ychapter of: Szekspir(y) Żurowskiego, Słupsk: Wydawnictwo Naukowe Akademii Pomorskiej 2014
=902  \\$a170917$c141020$dm$eb$f-$g0
=909  \\$ab0000032255664
=916  \\$aCiechowicz, Jan   (1949-2017)
=921  2\$aUniwersytet Gdański
=980  \\$aArtykuły
=995  \\$aPolska Bibliografia Literacka$bPBL 2013-2020: rozdziały książek
=996  \\$a.b32255664$9local
=998  \\$ao$av$9local
=999  \\$azk$bezm

