=LDR  01848naa a2200481 i 4500
=001  b0000003225599
=005  20201030081012.8
=008  141020s2014\\\\pl\\\\\\\\\\\|000\0\pol\\
=009  991029598449705066
=035  \\$a(EXLNZ-48OMNIS_NETWORK)9910181446205606
=035  \\$a(OCoLC)899836606
=035  \\$a(PL)b0000003225599
=035  \\$a(PL-WaBN)b32255998-48omnis_nlop
=035  \\$a991029598449705066
=035  \\$ab32255998
=040  \\$aWA N$cWA N
=041  0\$apol$beng
=100  1\$aMatusiak, Małgorzata$c(literaturoznawca)
=245  10$aSzekspirowski "teatr życia" w "Strażach nocnych" Bonawentury /$cMałgorzata Matusiak ; Akademia Pomorska w Słupsku.
=260  \\$c2014.
=336  \\$aTekst$btxt$2rdacontent
=337  \\$aBez urządzenia pośredniczącego$bn$2rdamedia
=338  \\$aWolumin$bnc$2rdacarrier
=380  \\$iMajor genre$aLiterature$leng
=380  \\$aArtykuły
=381  \\$iMajor genre$aFiction$leng
=546  \\$aStreszcz. ang.
=600  17$aKlingemann, Ernst August Friedrich$d(1777-1831).$tNachtwachen$2DBN$1http://viaf.org/viaf/73932790
=648  \7$a1801-1900$2DBN
=655  \7$aPowieść niemiecka$xhistoria$y19 w.$2DBN
=710  2\$aAkademia Pomorska (Słupsk)$4oth
=773  0\$iW:$tSzekspir(y) Żurowskiego,$gs. 75-[89]
=856  42$uhttp://libri.ucl.cas.cz/Record/b0000003225188$ychapter of: Szekspir(y) Żurowskiego, Słupsk: Wydawnictwo Naukowe Akademii Pomorskiej 2014
=902  \\$a170907$c141020$dm$eb$f-$g0
=909  \\$ab0000032255998
=916  \\$aMatusiak, Małgorzata  (nauki filologiczne)
=921  2\$aAkademia Pomorska (Słupsk)
=955  \7$aPowieść niemiecka$xhistoria$y19 w.$2DBN
=980  \\$aArtykuły
=995  \\$aPolska Bibliografia Literacka$bPBL 2013-2020: rozdziały książek
=996  \\$a.b32255998$9local
=998  \\$ao$av$9local
=999  \\$azk$bezm

