=LDR  01865naa a2200505 i 4500
=001  b0000003225631
=005  20200502060047.6
=008  141020s2014\\\\pl\\\\\\\\\\\|000\0\pol\\
=009  991029599789705066
=035  \\$a(EXLNZ-48OMNIS_NETWORK)9910244720405606
=035  \\$a(OCoLC)899836785
=035  \\$a(PL)b0000003225631
=035  \\$a(PL-WaBN)b32256310-48omnis_nlop
=035  \\$a991029599789705066
=035  \\$ab32256310
=040  \\$aWA N$cWA N
=041  0\$apol$beng
=100  1\$aŻynis, Bernadetta.
=245  10$aAutobiografia pod kontrolą :$b"Wspomnienia i wrażenia" Heleny Modrzejewskiej /$cBernadetta Żynis ; Akademia Pomorska w Słupsku.
=260  \\$c2014.
=336  \\$aTekst$btxt$2rdacontent
=337  \\$aBez urządzenia pośredniczącego$bn$2rdamedia
=338  \\$aWolumin$bnc$2rdacarrier
=380  \\$iMajor genre$aLiterature$leng
=380  \\$aArtykuły
=381  \\$iMajor genre$aOther$leng
=546  \\$aStreszcz. ang.
=600  17$aModrzejewska, Helena$d(1840-1909).$tMemories and impressions$2DBN
=648  \7$a1801-1900$2DBN
=648  \7$a1901-2000$2DBN
=650  \7$aAktorzy polscy$y19-20 w.$2DBN
=655  \7$aPamiętniki polskie$xhistoria$y19-20 w.$2DBN
=710  2\$aAkademia Pomorska (Słupsk)$4oth
=773  0\$iW:$tSzekspir(y) Żurowskiego,$gs. 93-[107]
=856  42$uhttp://libri.ucl.cas.cz/Record/b0000003225188$ychapter of: Szekspir(y) Żurowskiego, Słupsk: Wydawnictwo Naukowe Akademii Pomorskiej 2014
=902  \\$a170907$c141020$dm$eb$f-$g0
=909  \\$ab0000032256310
=916  \\$aŻynis, Bernadetta.
=921  2\$aAkademia Pomorska (Słupsk)
=955  \7$aPamiętniki polskie$xhistoria$y19-20 w.$2DBN
=980  \\$aArtykuły
=995  \\$aPolska Bibliografia Literacka$bPBL 2013-2020: rozdziały książek
=996  \\$a.b32256310$9local
=998  \\$ao$av$9local
=999  \\$azk$bezm

