=LDR  01964naa a2200529 i 4500
=001  b0000003225664
=005  20200502060044.8
=008  141020s2014\\\\pl\\\\\\\\\\\|000\0\pol\\
=009  991029601109705066
=035  \\$a(EXLNZ-48OMNIS_NETWORK)9910142922605606
=035  \\$a(OCoLC)899837071
=035  \\$a(PL)b0000003225664
=035  \\$a(PL-WaBN)b32256644-48omnis_nlop
=035  \\$a991029601109705066
=035  \\$ab32256644
=040  \\$aWA N$cWA N
=041  0\$apol$beng
=100  1\$aPodstawka, Anna
=245  10$aWokół Szekspira Kasprowicza /$cAnna Podstawka ; Katolicki Uniwersytet Lubelski Jana Pawła II.
=260  \\$c2014.
=336  \\$aTekst$btxt$2rdacontent
=337  \\$aBez urządzenia pośredniczącego$bn$2rdamedia
=338  \\$aWolumin$bnc$2rdacarrier
=380  \\$iMajor genre$aLiterature$leng
=380  \\$aArtykuły
=381  \\$iMajor genre$aDrama$leng
=546  \\$aStreszcz. ang.
=600  17$aKasprowicz, Jan$d(1860-1926)$2DBN$1http://viaf.org/viaf/7428385
=600  17$aShakespeare, William$d(1564-1616)$xprzekłady polskie$2DBN$1http://viaf.org/viaf/96994048
=648  \7$a1501-1600$2DBN
=648  \7$a1601-1700$2DBN
=648  \7$a1801-1900$2DBN
=648  \7$a1901-2000$2DBN
=655  \7$aDramat angielski$xhistoria$y16-17 w.$2DBN
=655  \7$aPrzekłady polskie$xhistoria$y19-20 w.$2DBN
=773  0\$iW:$tSzekspir(y) Żurowskiego,$gs. 111-[133]
=856  42$uhttp://libri.ucl.cas.cz/Record/b0000003225188$ychapter of: Szekspir(y) Żurowskiego, Słupsk: Wydawnictwo Naukowe Akademii Pomorskiej 2014
=902  \\$a170219$c141020$dm$eb$f-$g0
=909  \\$ab0000032256644
=916  \\$aPodstawka, Anna
=955  \7$aDramat angielski$xhistoria$y16-17 w.$2DBN
=955  \7$aPrzekłady polskie$xhistoria$y19-20 w.$2DBN
=980  \\$aArtykuły
=995  \\$aPolska Bibliografia Literacka$bPBL 2013-2020: rozdziały książek
=996  \\$a.b32256644$9local
=998  \\$ao$av$9local
=999  \\$azk$bezm

