=LDR  01945naa a2200505 i 4500
=001  b0000003225681
=005  20200502060027.8
=008  141020s2014\\\\pl\\\\\\\\\\\|000\0\pol\\
=009  991029601749705066
=035  \\$a(EXLNZ-48OMNIS_NETWORK)9910170165405606
=035  \\$a(OCoLC)899837114
=035  \\$a(PL)b0000003225681
=035  \\$a(PL-WaBN)b32256814-48omnis_nlop
=035  \\$a991029601749705066
=035  \\$ab32256814
=040  \\$aWA N$cWA N
=045  2\$bd1801$bd1900
=100  1\$aJankowska, Tatiana
=245  10$aMotywy dickensowskie w twórczości Fiodora Dostojewskiego :$bo mitopoetyckim sposobie przedstawiania miasta /$cTatiana Jankowska.
=260  \\$c2014.
=336  \\$aTekst$btxt$2rdacontent
=337  \\$aBez urządzenia pośredniczącego$bn$2rdamedia
=338  \\$aWolumin$bnc$2rdacarrier
=380  \\$aArtykuły
=504  \\$aBibliogr. s. 29.
=600  17$aDickens, Charles$d(1812-1870)$2DBN$1http://viaf.org/viaf/88666393
=600  17$aDostoyevsky, Fyodor$d(1821-1881)$xa Dickens, Charles (1812-1870)$2DBN$1http://viaf.org/viaf/104023256
=648  \7$a1801-1900$2DBN
=650  \7$aLiteratura angielska$2DBN
=650  \7$aLiteratura rosyjska$2DBN
=650  \7$aEnglish literature$2ELB-n
=650  \7$aRussian literature$2ELB-n
=658  \\$aLiteraturoznawstwo
=773  0\$iW:$tCharles Dickens : refleksje, inspiracje, (re)interpretacje,$gs. 13-29
=856  42$uhttp://libri.ucl.cas.cz/Record/b0000003215701$ychapter of: Charles Dickens : refleksje, inspiracje, (re)interpretacje, Olsztyn: Wydawnictwo Uniwersytetu Warmińsko-Mazurskiego 2014
=902  \\$a171129$c141020$dm$eb$f-$g0
=909  \\$ab0000032256814
=916  \\$aJankowska, Tatiana
=945  2\$b1801$b1900
=958  \\$aLiteraturoznawstwo
=980  \\$aArtykuły
=995  \\$aPolska Bibliografia Literacka$bPBL 2013-2020: rozdziały książek
=996  \\$a.b32256814$9local
=998  \\$ao$av$9local
=999  \\$azk$bbp

