=LDR  01806naa a2200493 i 4500
=001  b0000003225686
=005  20200502060036.2
=008  141020s2014\\\\pl\\\\\\\\\\\|000\0\pol\\
=009  991029601989705066
=035  \\$a(EXLNZ-48OMNIS_NETWORK)9910431128905606
=035  \\$a(OCoLC)899837085
=035  \\$a(PL)b0000003225686
=035  \\$a(PL-WaBN)b32256863-48omnis_nlop
=035  \\$a991029601989705066
=035  \\$ab32256863
=040  \\$aWA N$cWA N
=041  0\$apol$beng
=100  1\$aSobiecka, Anna
=245  10$aTeatr w Słupsku i... Tadeusz Byrski /$cAnna Sobiecka ; Akademia Pomorska w Słupsku.
=260  \\$c2014.
=336  \\$aTekst$btxt$2rdacontent
=337  \\$aBez urządzenia pośredniczącego$bn$2rdamedia
=338  \\$aWolumin$bnc$2rdacarrier
=380  \\$aArtykuły
=546  \\$aStreszcz. ang.
=600  17$aByrski, Tadeusz$d(1906-1987)$2DBN$1http://viaf.org/viaf/13112567
=648  \7$a1901-2000$2DBN
=648  \7$a1945-1989$2DBN
=651  \7$aSłupsk (woj. pomorskie)$xteatr$y1944-1989 r.$2DBN
=655  \7$aTeatr polski$xhistoria$y1944-1989 r.$2DBN
=710  2\$aAkademia Pomorska (Słupsk)$4oth
=773  0\$iW:$tSzekspir(y) Żurowskiego,$gs. 137-[149]
=856  42$uhttp://libri.ucl.cas.cz/Record/b0000003225188$ychapter of: Szekspir(y) Żurowskiego, Słupsk: Wydawnictwo Naukowe Akademii Pomorskiej 2014
=902  \\$a170907$c141020$dm$eb$f-$g0
=909  \\$ab0000032256863
=916  \\$aSobiecka, Anna
=921  2\$aAkademia Pomorska (Słupsk)
=951  \7$aSłupsk (woj. pomorskie)$xteatr$y1944-1989 r.$2DBN
=955  \7$aTeatr polski$xhistoria$y1944-1989 r.$2DBN
=980  \\$aArtykuły
=995  \\$aPolska Bibliografia Literacka$bPBL 2013-2020: rozdziały książek
=996  \\$a.b32256863$9local
=998  \\$ao$av$9local
=999  \\$azk$bezm

