=LDR  02367naa a2200589 i 4500
=001  b0000003225722
=005  20200501071336.8
=008  141020s2014\\\\pl\\\\\\\\\\\|000\0\pol\\
=009  991029603489705066
=035  \\$a(EXLNZ-48OMNIS_NETWORK)9910344433505606
=035  \\$a(OCoLC)899837211
=035  \\$a(PL)b0000003225722
=035  \\$a(PL-WaBN)b32257223-48omnis_nlop
=035  \\$a991029603489705066
=035  \\$ab32257223
=040  \\$aWA N$cWA N
=041  0\$apol$beng
=100  1\$aTomasik, Tomasz$d(1971- )$1http://viaf.org/viaf/31386960
=245  10$aBrutus Elzenberga i Hamlet Herberta - dwie interpretacje bohaterów Szekspirowskich w "czasach próby" /$cTomasz Tomasik ; Akademia Pomorska w Słupsku.
=260  \\$c2014.
=336  \\$aTekst$btxt$2rdacontent
=337  \\$aBez urządzenia pośredniczącego$bn$2rdamedia
=338  \\$aWolumin$bnc$2rdacarrier
=380  \\$iMajor genre$aLiterature$leng
=380  \\$aArtykuły
=381  \\$iMajor genre$aDrama$leng
=381  \\$iMajor genre$aOther$leng
=546  \\$aStreszcz. ang.
=600  17$aElzenberg, Henryk$d(1887-1967)$2DBN$1http://viaf.org/viaf/49261528
=600  17$aHerbert, Zbigniew$d(1924-1998)$2DBN$1http://viaf.org/viaf/73863844
=600  17$aShakespeare, William$d(1564-1616)$xrecepcja$zPolska$2DBN$1http://viaf.org/viaf/96994048
=648  \7$a1501-1600$2DBN
=648  \7$a1601-1700$2DBN
=648  \7$a1901-2000$2DBN
=648  \7$a1945-1989$2DBN
=650  \7$aFilozofia$xhistoria$zPolska$y20 w.$2DBN
=655  \7$aDramat angielski$xhistoria$y16-17 w.$2DBN
=655  \7$aSzkice literackie polskie$xhistoria$y1944-1989 r.$2DBN
=710  2\$aAkademia Pomorska (Słupsk)$4oth
=773  0\$iW:$tSzekspir(y) Żurowskiego,$gs. 153-[172]
=856  42$uhttp://libri.ucl.cas.cz/Record/b0000003225188$ychapter of: Szekspir(y) Żurowskiego, Słupsk: Wydawnictwo Naukowe Akademii Pomorskiej 2014
=902  \\$a170907$c141020$dm$eb$f-$g0
=909  \\$ab0000032257223
=916  \\$aTomasik, Tomasz   (1971- )
=921  2\$aAkademia Pomorska (Słupsk)
=955  \7$aDramat angielski$xhistoria$y16-17 w.$2DBN
=955  \7$aSzkice literackie polskie$xhistoria$y1944-1989 r.$2DBN
=980  \\$aArtykuły
=995  \\$aPolska Bibliografia Literacka$bPBL 2013-2020: rozdziały książek
=996  \\$a.b32257223$9local
=998  \\$ao$av$9local
=999  \\$azk$bezm

