=LDR  01703naa a2200469 i 4500
=001  b0000003225737
=005  20200502060058.8
=008  141020s2014\\\\pl\\\\\\\\\\\|000\0\pol\\
=009  991029604079705066
=035  \\$a(EXLNZ-48OMNIS_NETWORK)9910212782005606
=035  \\$a(OCoLC)899837256
=035  \\$a(PL)b0000003225737
=035  \\$a(PL-WaBN)b32257375-48omnis_nlop
=035  \\$a991029604079705066
=035  \\$ab32257375
=040  \\$aWA N$cWA N
=041  0\$apol$beng
=100  1\$aLewandowska, Małgorzata
=245  10$aUroda w przysłowiach włoskich :$bmiędzy estetyką a aksjologią /$cMałgorzata Lewandowska ; Uniwersytet Warszawski.
=260  \\$c2014.
=336  \\$aTekst$btxt$2rdacontent
=337  \\$aBez urządzenia pośredniczącego$bn$2rdamedia
=338  \\$aWolumin$bnc$2rdacarrier
=380  \\$aArtykuły
=504  \\$aBibliogr. s. 176-177.
=546  \\$aStreszcz. ang.
=650  \7$aCiało ludzkie$xw literaturze włoskiej.$2DBN
=650  \7$aJęzyk włoski$xfrazeologia$2DBN
=655  \7$aPrzysłowia włoskie$xtematyka$2DBN
=710  2\$aUniwersytet Warszawski$4oth
=773  0\$iW:$tJęzyk, estetyka, sztuka,$gs. 167-177
=856  42$uhttp://libri.ucl.cas.cz/Record/b0000003212254$ychapter of: Język, estetyka, sztuka, Bydgoszcz: Bydgoskie Towarzystwo Naukowe 2014
=902  \\$a170923$c141020$dm$eb$f-$g0
=909  \\$ab0000032257375
=916  \\$aLewandowska, Małgorzata
=921  2\$aUniwersytet Warszawski
=955  \7$aPrzysłowia włoskie$xtematyka$2DBN
=980  \\$aArtykuły
=995  \\$aPolska Bibliografia Literacka$bPBL 2013-2020: rozdziały książek
=996  \\$a.b32257375$9local
=998  \\$ao$av$9local
=999  \\$azk$btk$bbp

