=LDR  01801naa a2200493 i 4500
=001  b0000003225738
=005  20200502060106.7
=008  141020s2014\\\\pl\\\\\\\\\\\|000\0\pol\\
=009  991029604119705066
=035  \\$a(EXLNZ-48OMNIS_NETWORK)9910275982005606
=035  \\$a(OCoLC)899837257
=035  \\$a(PL)b0000003225738
=035  \\$a(PL-WaBN)b32257387-48omnis_nlop
=035  \\$a991029604119705066
=035  \\$ab32257387
=040  \\$aWA N$cWA N
=041  0\$apol$beng
=100  1\$aPopczyk-Szczęsna, Beata
=245  10$aScena Szekspirem podszyta - metateatralność w dramacie "Miejsce" Artura Grabowskiego /$cBeata Popczyk-Szczęsna ; Uniwersytet Śląski.
=260  \\$c2014.
=336  \\$aTekst$btxt$2rdacontent
=337  \\$aBez urządzenia pośredniczącego$bn$2rdamedia
=338  \\$aWolumin$bnc$2rdacarrier
=380  \\$iMajor genre$aLiterature$leng
=380  \\$aArtykuły
=381  \\$iMajor genre$aDrama$leng
=546  \\$aStreszcz. ang.
=600  17$aGrabowski, Artur$d(1967- )$tMiejsce$2DBN$1http://viaf.org/viaf/24142975
=648  \7$a2001-$2DBN
=655  \7$aDramat polski$xhistoria$y21 w.$2DBN
=710  2\$aUniwersytet Śląski$4oth
=773  0\$iW:$tSzekspir(y) Żurowskiego,$gs. 175-[187]
=856  42$uhttp://libri.ucl.cas.cz/Record/b0000003225188$ychapter of: Szekspir(y) Żurowskiego, Słupsk: Wydawnictwo Naukowe Akademii Pomorskiej 2014
=902  \\$a170219$c141020$dm$eb$f-$g0
=909  \\$ab0000032257387
=916  \\$aPopczyk-Szczęsna, Beata
=921  2\$aUniwersytet Śląski
=955  \7$aDramat polski$xhistoria$y21 w.$2DBN
=980  \\$aArtykuły
=995  \\$aPolska Bibliografia Literacka$bPBL 2013-2020: rozdziały książek
=996  \\$a.b32257387$9local
=998  \\$ao$av$9local
=999  \\$aDBNd$bjka
=999  \\$azk$bezm

