=LDR  01896naa a2200505 i 4500
=001  b0000003225813
=005  20200501071425.9
=008  141020s2014\\\\pl\\\\\\\\\\\|000\0\pol\\
=009  991029607099705066
=035  \\$a(EXLNZ-48OMNIS_NETWORK)9910066452205606
=035  \\$a(OCoLC)899837487
=035  \\$a(PL)b0000003225813
=035  \\$a(PL-WaBN)b32258136-48omnis_nlop
=035  \\$a991029607099705066
=035  \\$ab32258136
=040  \\$aWA N$cWA N
=100  1\$aZajkowska, Joanna
=245  10$aDickens i Korzeniowski :$bposzukiwanie miejsc wspólnych /$cJoanna Zajkowska.
=260  \\$c2014.
=336  \\$aTekst$btxt$2rdacontent
=337  \\$aBez urządzenia pośredniczącego$bn$2rdamedia
=338  \\$aWolumin$bnc$2rdacarrier
=380  \\$iMajor genre$aLiterature$leng
=380  \\$aArtykuły
=381  \\$iMajor genre$aOther$leng
=504  \\$aBibliogr. s. 45.
=600  17$aDickens, Charles$d(1812-1870)$2DBN$1http://viaf.org/viaf/88666393
=600  17$aKorzeniowski, Józef$d(1797-1863)$2DBN$1http://viaf.org/viaf/37042269
=648  \7$a1801-1900$2DBN
=655  \7$aLiteratura angielska$xhistoria$y19 w.$2DBN
=655  \7$aLiteratura polska$2DBN
=658  \\$aHistoria
=773  0\$iW:$tCharles Dickens : refleksje, inspiracje, (re)interpretacje,$gs. 30-45
=856  42$uhttp://libri.ucl.cas.cz/Record/b0000003215701$ychapter of: Charles Dickens : refleksje, inspiracje, (re)interpretacje, Olsztyn: Wydawnictwo Uniwersytetu Warmińsko-Mazurskiego 2014
=902  \\$a170427$c141020$dm$eb$f-$g0
=909  \\$ab0000032258136
=916  \\$aZajkowska, Joanna
=955  \7$aLiteratura angielska$xhistoria$y19 w.$2DBN
=955  \7$aLiteratura polska$2DBN
=958  \\$aHistoria
=980  \\$aArtykuły
=995  \\$aPolska Bibliografia Literacka$bPBL 2013-2020: rozdziały książek
=996  \\$a.b32258136$9local
=998  \\$ao$av$9local
=999  \\$azk$bbp

