=LDR  02110naa a2200541 i 4500
=001  b0000003225819
=005  20200502060041.5
=008  141020s2014\\\\pl\\\\\\\\\\\|000\0\pol\\
=009  991029607299705066
=035  \\$a(EXLNZ-48OMNIS_NETWORK)9910487693405606
=035  \\$a(OCoLC)899836740
=035  \\$a(PL)b0000003225819
=035  \\$a(PL-WaBN)b32258197-48omnis_nlop
=035  \\$a991029607299705066
=035  \\$ab32258197
=040  \\$aWA N$cWA N
=041  0\$apol$beng
=100  1\$aMorzyńska-Wrzosek, Beata
=245  10$aEstetyka, antyestetyka, ciało :$bprojektowanie podmiotowych relacji w przedwojennej liryce Marii Pawlikowskiej-Jasnorzewskiej /$cBeata Morzyńska-Wrzosek ; Uniwersytet Kazimierza Wielkiego, Bydgoszcz.
=260  \\$c2014.
=336  \\$aTekst$btxt$2rdacontent
=337  \\$aBez urządzenia pośredniczącego$bn$2rdamedia
=338  \\$aWolumin$bnc$2rdacarrier
=380  \\$iMajor genre$aLiterature$leng
=380  \\$aArtykuły
=381  \\$iMajor genre$aLyrical poetry$leng
=504  \\$aBibliogr. s. 191-192.
=546  \\$aStreszcz. ang.
=600  17$aPawlikowska-Jasnorzewska, Maria$d(1891-1945)$2DBN$1http://viaf.org/viaf/88042876
=648  \7$a1901-1914$2DBN
=648  \7$a1901-2000$2DBN
=648  \7$a1914-1918$2DBN
=648  \7$a1918-1939$2DBN
=650  \7$aCiało ludzkie$xw literaturze polskiej.$2DBN
=655  \7$aPoezja polska$xtematyka$y1901-1939 r.$2DBN
=710  2\$aUniwersytet Kazimierza Wielkiego (Bydgoszcz)$4oth
=773  0\$iW:$tJęzyk, estetyka, sztuka,$gs. 179-192
=856  42$uhttp://libri.ucl.cas.cz/Record/b0000003212254$ychapter of: Język, estetyka, sztuka, Bydgoszcz: Bydgoskie Towarzystwo Naukowe 2014
=902  \\$a170923$c141020$dm$eb$f-$g0
=909  \\$ab0000032258197
=916  \\$aMorzyńska-Wrzosek, Beata
=921  2\$aUniwersytet Kazimierza Wielkiego (Bydgoszcz)
=955  \7$aPoezja polska$xtematyka$y1901-1939 r.$2DBN
=980  \\$aArtykuły
=995  \\$aPolska Bibliografia Literacka$bPBL 2013-2020: rozdziały książek
=996  \\$a.b32258197$9local
=998  \\$ao$av$9local
=999  \\$azk$btk$bbp

