=LDR  02020naa a2200493 i 4500
=001  b0000003225827
=005  20200501071425.9
=008  141020s2014\\\\pl\\\\\\\\\\\|000\0\pol\\
=009  991029607689705066
=035  \\$a(EXLNZ-48OMNIS_NETWORK)9910149459905606
=035  \\$a(OCoLC)899837530
=035  \\$a(PL)b0000003225827
=035  \\$a(PL-WaBN)b32258276-48omnis_nlop
=035  \\$a991029607689705066
=035  \\$ab32258276
=040  \\$aWA N$cWA N
=100  1\$aSzumlewicz, Katarzyna
=245  10$aPieniądze, małżeństwo i obłęd w "Wielkich nadziejach" Charlesa Dickensa oraz wybranych powieściach wiktoriańskich i neowiktoriańskich  /$cKatarzyna Szumlewicz.
=260  \\$c2014.
=336  \\$aTekst$btxt$2rdacontent
=337  \\$aBez urządzenia pośredniczącego$bn$2rdamedia
=338  \\$aWolumin$bnc$2rdacarrier
=380  \\$iMajor genre$aLiterature$leng
=380  \\$aArtykuły
=381  \\$iMajor genre$aFiction$leng
=504  \\$aBibliogr. s. 63.
=600  17$aDickens, Charles$d(1812-1870)$tGreat expectations$2DBN$1http://viaf.org/viaf/88666393
=648  \7$a1801-1900$2DBN
=650  \7$aEpoka wiktoriańska$2DBN
=650  \7$aMałżeństwo$xw literaturze angielskiej.$2DBN
=650  \7$aParanoja$xw literaturze angielskiej$2DBN
=650  \7$aPieniądz$xw literaturze angielskiej$2DBN
=655  \7$aPowieść angielska$xtematyka$y19 w.$2DBN
=773  0\$iW:$tCharles Dickens : refleksje, inspiracje, (re)interpretacje,$gs. 49-63
=856  42$uhttp://libri.ucl.cas.cz/Record/b0000003215701$ychapter of: Charles Dickens : refleksje, inspiracje, (re)interpretacje, Olsztyn: Wydawnictwo Uniwersytetu Warmińsko-Mazurskiego 2014
=902  \\$a170407$c141020$dm$eb$f-$g0
=909  \\$ab0000032258276
=916  \\$aSzumlewicz, Katarzyna
=955  \7$aPowieść angielska$xtematyka$y19 w.$2DBN
=980  \\$aArtykuły
=995  \\$aPolska Bibliografia Literacka$bPBL 2013-2020: rozdziały książek
=996  \\$a.b32258276$9local
=998  \\$ao$av$9local
=999  \\$azk$bbp

