=LDR  01908naa a2200481 i 4500
=001  b0000003225851
=005  20200502060025.3
=008  141020s2014\\\\pl\\\\\\\\\\\|000\0\pol\\
=009  991029608589705066
=035  \\$a(EXLNZ-48OMNIS_NETWORK)9910174167305606
=035  \\$a(OCoLC)899837177
=035  \\$a(PL)b0000003225851
=035  \\$a(PL-WaBN)b32258513-48omnis_nlop
=035  \\$a991029608589705066
=035  \\$ab32258513
=040  \\$aWA N$cWA N
=100  1\$aGładkowska, Dorota
=245  10$aMotyw zbrodni, winy i kary w "Wielkich nadziejach"  Charlesa Dickensa /$cDorota Gładkowska.
=260  \\$c2014.
=336  \\$aTekst$btxt$2rdacontent
=337  \\$aBez urządzenia pośredniczącego$bn$2rdamedia
=338  \\$aWolumin$bnc$2rdacarrier
=380  \\$iMajor genre$aLiterature$leng
=380  \\$aArtykuły
=381  \\$iMajor genre$aFiction$leng
=504  \\$aBibliogr. s. 63.
=600  17$aDickens, Charles$d(1812-1870)$tGreat expectations$2DBN$1http://viaf.org/viaf/88666393
=648  \7$a1801-1900$2DBN
=650  \7$aKara (prawo)$xw literaturze angielskiej.$2DBN
=650  \7$aPrzestępstwo$xw literaturze angielskiej.$2DBN
=650  \7$aWina (prawo)$xw literaturze angielskiej.$2DBN
=655  \7$aPowieść angielska$xtematyka$y19 w.$2DBN
=773  0\$iW:$tCharles Dickens : refleksje, inspiracje, (re)interpretacje,$gs. 64-79
=856  42$uhttp://libri.ucl.cas.cz/Record/b0000003215701$ychapter of: Charles Dickens : refleksje, inspiracje, (re)interpretacje, Olsztyn: Wydawnictwo Uniwersytetu Warmińsko-Mazurskiego 2014
=902  \\$a170219$c141020$dm$eb$f-$g0
=909  \\$ab0000032258513
=916  \\$aGładkowska, Dorota
=955  \7$aPowieść angielska$xtematyka$y19 w.$2DBN
=980  \\$aArtykuły
=995  \\$aPolska Bibliografia Literacka$bPBL 2013-2020: rozdziały książek
=996  \\$a.b32258513$9local
=998  \\$ao$av$9local
=999  \\$azk$bbp

