=LDR  01941naa a2200481 i 4500
=001  b0000003225863
=005  20200501071354.1
=008  141020s2014\\\\pl\\\\\\\\\\\|000\0\pol\\
=009  991029609059705066
=035  \\$a(EXLNZ-48OMNIS_NETWORK)9910123921705606
=035  \\$a(OCoLC)899837655
=035  \\$a(PL)b0000003225863
=035  \\$a(PL-WaBN)b3225863x-48omnis_nlop
=035  \\$a991029609059705066
=035  \\$ab3225863x
=040  \\$aWA N$cWA N
=100  1\$aSzymborska, Karolina
=245  10$aSynowie Szeherezady i potomkowie Kopciuszka, czyli Genderowe mistyfikacje w twórczości Charlesa Dickensa /$cKarolina Szymborska.
=246  30$aGenderowe mistyfikacje w twórczości Charlesa Dickensa
=260  \\$c2014.
=336  \\$aTekst$btxt$2rdacontent
=337  \\$aBez urządzenia pośredniczącego$bn$2rdamedia
=338  \\$aWolumin$bnc$2rdacarrier
=380  \\$iMajor genre$aLiterature$leng
=380  \\$aArtykuły
=381  \\$iMajor genre$aFiction$leng
=504  \\$aBibliogr. s. 90-91.
=600  17$aDickens, Charles$d(1812-1870)$2DBN$1http://viaf.org/viaf/88666393
=648  \7$a1801-1900$2DBN
=650  \7$aPłeć$xw literaturze angielskiej$2DBN
=650  \7$aTożsamość płciowa$xw literaturze angielskiej$2DBN
=655  \7$aPowieść angielska$xtematyka$y19 w.$2DBN
=773  0\$iW:$tCharles Dickens : refleksje, inspiracje, (re)interpretacje,$gs. 80-91
=856  42$uhttp://libri.ucl.cas.cz/Record/b0000003215701$ychapter of: Charles Dickens : refleksje, inspiracje, (re)interpretacje, Olsztyn: Wydawnictwo Uniwersytetu Warmińsko-Mazurskiego 2014
=902  \\$a170219$c141020$dm$eb$f-$g0
=909  \\$ab000003225863x
=916  \\$aSzymborska, Karolina
=955  \7$aPowieść angielska$xtematyka$y19 w.$2DBN
=980  \\$aArtykuły
=995  \\$aPolska Bibliografia Literacka$bPBL 2013-2020: rozdziały książek
=996  \\$a.b3225863x$9local
=998  \\$ao$av$9local
=999  \\$azk$bbp

