=LDR  02114naa a2200493 i 4500
=001  b0000003225961
=005  20200614045149.1
=008  141020s2012\\\\pl\\\\\\\\\\\|000\0\pol\\
=009  991029612729705066
=035  \\$a(EXLNZ-48OMNIS_NETWORK)9910339465305606
=035  \\$a(OCoLC)899838070
=035  \\$a(PL)b0000003225961
=035  \\$a(PL-WaBN)b3225961x-48omnis_nlop
=035  \\$a991029612729705066
=035  \\$ab3225961x
=040  \\$aWA N$cWA N$dWA N
=100  1\$aPrzybysz-Stawska, Magdalena$d(1974- )$1http://viaf.org/viaf/63538426
=245  10$aKultura na łamach "Odgłosów" w latach 1991-1992 /$cMagdalena Przybysz-Stawska ; Katedra Bibliotekoznawstwa i Informacji Naukowej Uniwersytetu Łódzkiego.
=260  \\$c2012.
=336  \\$aTekst$btxt$2rdacontent
=337  \\$aBez urządzenia pośredniczącego$bn$2rdamedia
=338  \\$aWolumin$bnc$2rdacarrier
=380  \\$aArtykuły
=504  \\$aBibliogr., netogr. s. 55.
=630  07$aOdgłosy (czasop.)$2DBN
=648  \7$a1901-2000$2DBN
=648  \7$a1989-2000$2DBN
=651  \7$aŁódź (woj. łódzkie)$xmedia$yod 1989 r.$2DBN
=655  \7$aCzasopisma społeczno-kulturalne polskie$xhistoria$yod 1989 r.$2DBN
=710  2\$aKatedra Bibliotekoznawstwa i Informacji Naukowej (Uniwersytet Łódzki)$4oth$1http://viaf.org/viaf/301333178
=773  0\$iW:$tŁódzkie media dawniej i dziś,$gs. 43-55
=856  42$uhttp://libri.ucl.cas.cz/Record/b0000003214122$ychapter of: Łódzkie media dawniej i dziś, Łódź: Wydawnictwo Primum Verbum 2012
=902  \\$a170219$c141020$dm$eb$f-$g0
=909  \\$ab000003225961x
=916  \\$aPrzybysz-Stawska, Magdalena   (1974- )
=921  2\$aKatedra Bibliotekoznawstwa i Informacji Naukowej (Uniwersytet Łódzki)
=930  07$aOdgłosy (czasop.)$2DBN
=951  \7$aŁódź (woj. łódzkie)$xmedia$yod 1989 r.$2DBN
=955  \7$aCzasopisma społeczno-kulturalne polskie$xhistoria$yod 1989 r.$2DBN
=980  \\$aArtykuły
=995  \\$aPolska Bibliografia Literacka$bPBL 2013-2020: rozdziały książek
=996  \\$a.b3225961x$9local
=998  \\$ao$av$9local
=999  \\$azk$bma$cbp

