=LDR  02003naa a2200457 i 4500
=001  b0000003225963
=005  20200502060118.9
=008  141020s2014\\\\pl\\\\\\\\\\\|000\0\pol\\
=009  991029612819705066
=035  \\$a(EXLNZ-48OMNIS_NETWORK)9910133567705606
=035  \\$a(OCoLC)899838073
=035  \\$a(PL)b0000003225963
=035  \\$a(PL-WaBN)b32259633-48omnis_nlop
=035  \\$a991029612819705066
=035  \\$ab32259633
=040  \\$aWA N$cWA N
=100  1\$aLutomierski, Marcin Łukasz$d(1982- )$1http://viaf.org/viaf/162943988
=245  10$aFolklor indiański w "Otwartej ranie Ameryki" Aleksandry Ziółkowskiej-Bohem /$cMarcin Lutomierski ; Uniwersytet Mikołaja Kopernika w Toruniu.
=260  \\$c2014.
=336  \\$aTekst$btxt$2rdacontent
=337  \\$aBez urządzenia pośredniczącego$bn$2rdamedia
=338  \\$aWolumin$bnc$2rdacarrier
=380  \\$iMajor genre$aLiterature$leng
=380  \\$aArtykuły
=381  \\$iMajor genre$aOther$leng
=600  17$aZiółkowska-Boehm, Aleksandra$d(1949- )$tOtwarta rana Ameryki$2DBN$1http://viaf.org/viaf/103661528
=650  \7$aFolklor$xw literaturze polskiej$2DBN
=655  \7$aReportaż polski$xtematyka$yod 1944 r.$2DBN
=710  2\$aUniwersytet Mikołaja Kopernika (Toruń)$4oth
=773  0\$iW:$tInspiracje folklorem w kulturze i edukacji : w dwusetną rocznicę urodzin Oskara Kolberga,$gs. 81-93
=856  42$uhttp://libri.ucl.cas.cz/Record/b0000003211547$ychapter of: Inspiracje folklorem w kulturze i edukacji : w dwusetną rocznicę urodzin Oskara Kolberga, Warszawa: Wydawnictwo Pani Twardowska 2014
=902  \\$a170227$c141020$dm$eb$f-$g0
=909  \\$ab0000032259633
=916  \\$aLutomierski, Marcin   (1982- )
=921  2\$aUniwersytet Mikołaja Kopernika (Toruń)
=955  \7$aReportaż polski$xtematyka$yod 1944 r.$2DBN
=980  \\$aArtykuły
=995  \\$aPolska Bibliografia Literacka$bPBL 2013-2020: rozdziały książek
=996  \\$a.b32259633$9local
=998  \\$ao$av$9local
=999  \\$azk$bil

