=LDR  02093naa a2200493 i 4500
=001  b0000003225978
=005  20200501071351.8
=008  141020s2014\\\\pl\\\\\\\\\\\|000\0\pol\\
=009  991029613409705066
=035  \\$a(EXLNZ-48OMNIS_NETWORK)9910057614005606
=035  \\$a(OCoLC)899838134
=035  \\$a(PL)b0000003225978
=035  \\$a(PL-WaBN)b32259785-48omnis_nlop
=035  \\$a991029613409705066
=035  \\$ab32259785
=040  \\$aWA N$cWA N
=100  1\$aFabisińska, Liliana$d(1971- )$1http://viaf.org/viaf/101687327
=245  10$aMotywy ludowe we współczesnej literaturze dla dzieci i młodziezy /$cLiliana Fabisińska ; Akademia Pedagogiki Specjalnej im. Marii Grzegorzewskiej w Warszawie.
=260  \\$c2014.
=336  \\$aTekst$btxt$2rdacontent
=337  \\$aBez urządzenia pośredniczącego$bn$2rdamedia
=338  \\$aWolumin$bnc$2rdacarrier
=380  \\$iMajor genre$aLiterature$leng
=380  \\$aArtykuły
=381  \\$iMajor genre$aOther$leng
=648  \7$a1901-2000$2DBN
=648  \7$a2001-$2DBN
=650  \7$aFolklor$xw literaturze$2DBN
=650  \7$aLiteratura młodzieżowa$xtematyka$y20-21 w.$2DBN
=650  \7$aYouth literature$2ELB-g
=655  \7$aLiteratura dla dzieci$xtematyka$y20-21 w.$2DBN
=710  2\$aAkademia Pedagogiki Specjalnej im. Marii Grzegorzewskiej$4oth
=773  0\$iW:$tInspiracje folklorem w kulturze i edukacji : w dwusetną rocznicę urodzin Oskara Kolberga,$gs. 98-107
=856  42$uhttp://libri.ucl.cas.cz/Record/b0000003211547$ychapter of: Inspiracje folklorem w kulturze i edukacji : w dwusetną rocznicę urodzin Oskara Kolberga, Warszawa: Wydawnictwo Pani Twardowska 2014
=902  \\$a171210$c141020$dm$eb$f-$g0
=909  \\$ab0000032259785
=916  \\$aFabisińska, Liliana   (1971- )
=921  2\$aAkademia Pedagogiki Specjalnej im. Marii Grzegorzewskiej
=955  \7$aLiteratura dla dzieci$xtematyka$y20-21 w.$2DBN
=980  \\$aArtykuły
=995  \\$aPolska Bibliografia Literacka$bPBL 2013-2020: rozdziały książek
=996  \\$a.b32259785$9local
=998  \\$ao$av$9local
=999  \\$azk$bil

