=LDR  01825naa a2200469 i 4500
=001  b0000003225985
=005  20200502060033.5
=008  141020s2014\\\\pl\\\\\\\\\\\|000\0\pol\\
=009  991029613719705066
=035  \\$a(EXLNZ-48OMNIS_NETWORK)9910200070005606
=035  \\$a(OCoLC)899838156
=035  \\$a(PL)b0000003225985
=035  \\$a(PL-WaBN)b32259852-48omnis_nlop
=035  \\$a991029613719705066
=035  \\$ab32259852
=040  \\$aWA N$cWA N
=100  1\$aHałas, Beata
=245  10$aOpowieść wigilijna Charlesa Dickensa w świetle serii translatorskiej /$cBeata Hałas.
=260  \\$c2014.
=336  \\$aTekst$btxt$2rdacontent
=337  \\$aBez urządzenia pośredniczącego$bn$2rdamedia
=338  \\$aWolumin$bnc$2rdacarrier
=380  \\$iMajor genre$aLiterature$leng
=380  \\$aArtykuły
=381  \\$iMajor genre$aFiction$leng
=504  \\$aBibliogr. s. 104-105.
=600  17$aDickens, Charles$d(1812-1870)$tChristmas carol$2DBN$1http://viaf.org/viaf/88666393
=648  \7$a1801-1900$2DBN
=648  \7$a1901-2000$2DBN
=650  \7$aPrzekłady polskie$xhistoria$y19-20 w.$2DBN
=655  \7$aPowieść angielska$xprzekłady polskie$xhistoria$2DBN
=773  0\$iW:$tCharles Dickens : refleksje, inspiracje, (re)interpretacje,$gs. 95-105
=856  42$uhttp://libri.ucl.cas.cz/Record/b0000003215701$ychapter of: Charles Dickens : refleksje, inspiracje, (re)interpretacje, Olsztyn: Wydawnictwo Uniwersytetu Warmińsko-Mazurskiego 2014
=902  \\$a170219$c141020$dm$eb$f-$g0
=909  \\$ab0000032259852
=916  \\$aHałas, Beata
=955  \7$aPowieść angielska$xprzekłady polskie$xhistoria$2DBN
=980  \\$aArtykuły
=995  \\$aPolska Bibliografia Literacka$bPBL 2013-2020: rozdziały książek
=996  \\$a.b32259852$9local
=998  \\$ao$av$9local
=999  \\$azk$bbp

