=LDR  01853naa a2200493 i 4500
=001  b0000003225987
=005  20200501071425.1
=008  141020s2012\\\\pl\\\\\\\\\\\|000\0\pol\\
=009  991029613819705066
=035  \\$a(EXLNZ-48OMNIS_NETWORK)9910066519905606
=035  \\$a(OCoLC)899838161
=035  \\$a(PL)b0000003225987
=035  \\$a(PL-WaBN)b32259876-48omnis_nlop
=035  \\$a991029613819705066
=035  \\$ab32259876
=040  \\$aWA N$cWA N
=100  1\$aNolbrzak, Renata
=245  10$aŁódzkie pisma kulturalne drugiego obiegu: "Puls" i "Kurs" /$cRenata Nolbrzak ; "Do Rzeczy".
=260  \\$c2012.
=336  \\$aTekst$btxt$2rdacontent
=337  \\$aBez urządzenia pośredniczącego$bn$2rdamedia
=338  \\$aWolumin$bnc$2rdacarrier
=380  \\$aArtykuły
=504  \\$aBibliogr., netogr. s. 66-67.
=630  07$aKurs (czasopismo)$2DBN
=630  07$aPuls (czasopismo ; 1977-1981)$2DBN
=648  \7$a1901-2000$2DBN
=648  \7$a1945-1989$2DBN
=651  \7$aŁódź (woj. łódzkie)$xmedia$y1944-1989 r.$2DBN
=655  \7$aCzasopisma literackie polskie$xhistoria$y1944-1989 r.$2DBN
=773  0\$iW:$tŁódzkie media dawniej i dziś,$gs. 56-67
=856  42$uhttp://libri.ucl.cas.cz/Record/b0000003214122$ychapter of: Łódzkie media dawniej i dziś, Łódź: Wydawnictwo Primum Verbum 2012
=902  \\$a170523$c141020$dm$eb$f-$g0
=909  \\$ab0000032259876
=916  \\$aNolbrzak, Renata
=930  07$aKurs (czasopismo)$2DBN
=930  07$aPuls (czasopismo ; 1977-1981)$2DBN
=951  \7$aŁódź (woj. łódzkie)$xmedia$y1944-1989 r.$2DBN
=955  \7$aCzasopisma literackie polskie$xhistoria$y1944-1989 r.$2DBN
=980  \\$aArtykuły
=995  \\$aPolska Bibliografia Literacka$bPBL 2013-2020: rozdziały książek
=996  \\$a.b32259876$9local
=998  \\$ao$av$9local
=999  \\$azk$bma$cbp$czkdkw

