=LDR  02021naa a2200469 i 4500
=001  b0000003226003
=005  20200501071317.7
=008  141020s2012\\\\pl\\\\\\\\\\\|000\0\pol\\
=009  991029614499705066
=035  \\$a(EXLNZ-48OMNIS_NETWORK)9910014102105606
=035  \\$a(OCoLC)899838222
=035  \\$a(PL)b0000003226003
=035  \\$a(PL-WaBN)b32260039-48omnis_nlop
=035  \\$a991029614499705066
=035  \\$ab32260039
=040  \\$aWA N$cWA N
=100  1\$aTatarowski, Konrad W$d(1948- )$1http://viaf.org/viaf/69011840
=245  10$a"Tygiel Kultury" :$bczasopismo i coś więcej /$cKonrad W. Tatarowski ; Katedra Dziennikarstwa i Komunikacji Społecznej UŁ.
=260  \\$c2012.
=336  \\$aTekst$btxt$2rdacontent
=337  \\$aBez urządzenia pośredniczącego$bn$2rdamedia
=338  \\$aWolumin$bnc$2rdacarrier
=380  \\$aArtykuły
=504  \\$aBibliogr. s. 76.
=630  07$aTygiel Kultury (czasop.)$2DBN
=651  \7$aŁódź (woj. łódzkie)$xmedia$yod 1989 r.$2DBN
=655  \7$aCzasopisma społeczno-kulturalne polskie$xhistoria$yod 1989 r.$2DBN
=710  2\$aKatedra Dziennikarstwa i Komunikacji Społecznej (Uniwersytet Łódzki)$4oth$1http://viaf.org/viaf/5488156012440049700008
=773  0\$iW:$tŁódzkie media dawniej i dziś,$gs. 68-76
=856  42$uhttp://libri.ucl.cas.cz/Record/b0000003214122$ychapter of: Łódzkie media dawniej i dziś, Łódź: Wydawnictwo Primum Verbum 2012
=902  \\$a170918$c141020$dm$eb$f-$g0
=909  \\$ab0000032260039
=916  \\$aTatarowski, Konrad Witold   (1948- )
=921  2\$aKatedra Dziennikarstwa i Komunikacji Społecznej (Uniwersytet Łódzki)
=930  07$aTygiel Kultury (czasop.)$2DBN
=951  \7$aŁódź (woj. łódzkie)$xmedia$yod 1989 r.$2DBN
=955  \7$aCzasopisma społeczno-kulturalne polskie$xhistoria$yod 1989 r.$2DBN
=980  \\$aArtykuły
=995  \\$aPolska Bibliografia Literacka$bPBL 2013-2020: rozdziały książek
=996  \\$a.b32260039$9local
=998  \\$ao$av$9local
=999  \\$azk$bma$cbp

