=LDR  01943naa a2200469 i 4500
=001  b0000003226004
=005  20200502060022.2
=008  141020s2014\\\\pl\\\\\\\\\\\|000\0\pol\\
=009  991029614559705066
=035  \\$a(EXLNZ-48OMNIS_NETWORK)9910198538105606
=035  \\$a(OCoLC)899838223
=035  \\$a(PL)b0000003226004
=035  \\$a(PL-WaBN)b32260040-48omnis_nlop
=035  \\$a991029614559705066
=035  \\$ab32260040
=040  \\$aWA N$cWA N
=100  1\$aBudrewicz-Beratan, Aleksandra
=245  10$aAngielski świerszcz za polskim kominem :$bo polskiej recepcji The Cricket on the Hearth (d0 1939 r.) /$cAleksandra Budrewicz.
=260  \\$c2014.
=336  \\$aTekst$btxt$2rdacontent
=337  \\$aBez urządzenia pośredniczącego$bn$2rdamedia
=338  \\$aWolumin$bnc$2rdacarrier
=380  \\$iMajor genre$aLiterature$leng
=380  \\$aArtykuły
=381  \\$iMajor genre$aFiction$leng
=504  \\$aBibliogr. s. 120-121.
=600  17$aDickens, Charles$d(1812-1870)$tCricket on the hearth, a faire tale of home$xrecepcja$zPolska$2DBN$1http://viaf.org/viaf/88666393
=648  \7$a1801-1900$2DBN
=655  \7$aPowieść angielska$xhistoria$y19 w.$2DBN
=655  \7$aPowieść angielska$xrecepcja$zPolska$2DBN
=773  0\$iW:$tCharles Dickens : refleksje, inspiracje, (re)interpretacje,$gs. 106-121
=856  42$uhttp://libri.ucl.cas.cz/Record/b0000003215701$ychapter of: Charles Dickens : refleksje, inspiracje, (re)interpretacje, Olsztyn: Wydawnictwo Uniwersytetu Warmińsko-Mazurskiego 2014
=902  \\$a170219$c141020$dm$eb$f-$g0
=909  \\$ab0000032260040
=916  \\$aBudrewicz-Beratan, Aleksandra
=955  \7$aPowieść angielska$xhistoria$y19 w.$2DBN
=955  \7$aPowieść angielska$xrecepcja$zPolska$2DBN
=980  \\$aArtykuły
=995  \\$aPolska Bibliografia Literacka$bPBL 2013-2020: rozdziały książek
=996  \\$a.b32260040$9local
=998  \\$ao$av$9local
=999  \\$azk$bbp

