=LDR  01856naa a2200469 i 4500
=001  b0000003226012
=005  20200501071331.9
=008  141020s2012\\\\pl\\\\\\\\\\\|000\0\pol\\
=009  991029614889705066
=035  \\$a(EXLNZ-48OMNIS_NETWORK)9910079429705606
=035  \\$a(OCoLC)899838217
=035  \\$a(PL)b0000003226012
=035  \\$a(PL-WaBN)b3226012x-48omnis_nlop
=035  \\$a991029614889705066
=035  \\$ab3226012x
=040  \\$aWA N$cWA N
=100  1\$aSasin, Magdalena
=245  10$a"Kalejdoskop" :$bod informatora do magazynu /$cMagdalena Sasin ; Wydział Nauk o Wychowaniu Uniwersytetu Łódzkiego.
=260  \\$c2012.
=336  \\$aTekst$btxt$2rdacontent
=337  \\$aBez urządzenia pośredniczącego$bn$2rdamedia
=338  \\$aWolumin$bnc$2rdacarrier
=380  \\$aArtykuły
=504  \\$aBibliogr. s. 89-90.
=630  07$aKalejdoskop (czasop.)$2DBN
=651  \7$aŁódź (woj. łódzkie)$xmedia$yod 1944 r.$2DBN
=655  \7$aCzasopisma społeczno-kulturalne polskie$xhistoria$yod 1944 r.$2DBN
=710  2\$aWydział Nauk o Wychowaniu (Uniwersytet Łódzki)$4oth
=773  0\$iW:$tŁódzkie media dawniej i dziś,$gs. 77-90
=856  42$uhttp://libri.ucl.cas.cz/Record/b0000003214122$ychapter of: Łódzkie media dawniej i dziś, Łódź: Wydawnictwo Primum Verbum 2012
=902  \\$a170609$c141020$dm$eb$f-$g0
=909  \\$ab000003226012x
=916  \\$aSasin, Magdalena
=921  2\$aWydział Nauk o Wychowaniu (Uniwersytet Łódzki)
=930  07$aKalejdoskop (czasop.)$2DBN
=951  \7$aŁódź (woj. łódzkie)$xmedia$yod 1944 r.$2DBN
=955  \7$aCzasopisma społeczno-kulturalne polskie$xhistoria$yod 1944 r.$2DBN
=980  \\$aArtykuły
=995  \\$aPolska Bibliografia Literacka$bPBL 2013-2020: rozdziały książek
=996  \\$a.b3226012x$9local
=998  \\$ao$av$9local
=999  \\$azk$bma$cbp

