=LDR  01817naa a2200505 i 4500
=001  b0000003226020
=005  20200502060111.3
=008  141020s2014\\\\pl\\\\\\\\\\\|000\0\pol\\
=009  991029615129705066
=035  \\$a(EXLNZ-48OMNIS_NETWORK)9910425877505606
=035  \\$a(OCoLC)899838206
=035  \\$a(PL)b0000003226020
=035  \\$a(PL-WaBN)b32260209-48omnis_nlop
=035  \\$a991029615129705066
=035  \\$ab32260209
=040  \\$aWA N$cWA N
=041  0\$apol$beng
=100  1\$aUtri, Reinhold
=245  10$aPoezja religijna austriackiego pisarza, Petera Roseggera :$bwybrane wątki /$cReinhold Utri ; Uniwersytet Warszawski.
=260  \\$c2014.
=336  \\$aTekst$btxt$2rdacontent
=337  \\$aBez urządzenia pośredniczącego$bn$2rdamedia
=338  \\$aWolumin$bnc$2rdacarrier
=380  \\$iMajor genre$aLiterature$leng
=380  \\$aArtykuły
=381  \\$iMajor genre$aLyrical poetry$leng
=504  \\$aBibliogr. s. 235.
=546  \\$aStreszcz. ang.
=600  17$aRosegger, Peter$d(1843-1918)$2DBN$1http://viaf.org/viaf/46774513
=648  \7$a1801-1900$2DBN
=648  \7$a1901-2000$2DBN
=655  \7$aPoezja austriacka$xhistoria$y19-20 w.$2DBN
=710  2\$aUniwersytet Warszawski$4oth
=773  0\$iW:$tJęzyk, estetyka, sztuka,$gs. 225-236
=856  42$uhttp://libri.ucl.cas.cz/Record/b0000003212254$ychapter of: Język, estetyka, sztuka, Bydgoszcz: Bydgoskie Towarzystwo Naukowe 2014
=902  \\$a170219$c141020$dm$eb$f-$g0
=909  \\$ab0000032260209
=916  \\$aUtri, Reinhold
=921  2\$aUniwersytet Warszawski
=955  \7$aPoezja austriacka$xhistoria$y19-20 w.$2DBN
=980  \\$aArtykuły
=995  \\$aPolska Bibliografia Literacka$bPBL 2013-2020: rozdziały książek
=996  \\$a.b32260209$9local
=998  \\$ao$av$9local
=999  \\$azk$btk$bbp

