=LDR  01787naa a2200457 i 4500
=001  b0000003226029
=005  20200509090301.2
=008  141020s2012\\\\pl\\\\\\\\\\\|000\0\pol\\
=009  991029615469705066
=035  \\$a(EXLNZ-48OMNIS_NETWORK)9910430540005606
=035  \\$a(OCoLC)899838272
=035  \\$a(PL)b0000003226029
=035  \\$a(PL-WaBN)b32260295-48omnis_nlop
=035  \\$a991029615469705066
=035  \\$ab32260295
=040  \\$aWA N$cWA N
=100  1\$aBąkowicz, Stanisław
=245  10$aBlisko spraw uczelnianej społeczności /$cStanisław Bąkowicz ; Kronika. Pismo Uniwersytetu Łódzkiego.
=260  \\$c2012.
=336  \\$aTekst$btxt$2rdacontent
=337  \\$aBez urządzenia pośredniczącego$bn$2rdamedia
=338  \\$aWolumin$bnc$2rdacarrier
=380  \\$aArtykuły
=504  \\$aBibliogr. 100.
=610  27$aUniwersytet Łódzki$xmedia$xhistoria$2DBN
=630  07$aKronika (czasop. ; Uniwersytet Łódzki)$2DBN
=651  \7$aŁódź (woj. łódzkie)$xmedia$yod 1989 r.$2DBN
=655  \7$aCzasopisma akademickie polskie$xhistoria$yod 1989 r.$2DBN
=773  0\$iW:$tŁódzkie media dawniej i dziś,$gs. 91-100
=856  42$uhttp://libri.ucl.cas.cz/Record/b0000003214122$ychapter of: Łódzkie media dawniej i dziś, Łódź: Wydawnictwo Primum Verbum 2012
=902  \\$a170219$c141020$dm$eb$f-$g0
=909  \\$ab0000032260295
=916  \\$aBąkowicz, Stanisław
=930  07$aKronika (czasop. ; Uniwersytet Łódzki)$2DBN
=951  \7$aŁódź (woj. łódzkie)$xmedia$yod 1989 r.$2DBN
=955  \7$aCzasopisma akademickie polskie$xhistoria$yod 1989 r.$2DBN
=980  \\$aArtykuły
=995  \\$aPolska Bibliografia Literacka$bPBL 2013-2020: rozdziały książek
=996  \\$a.b32260295$9local
=998  \\$ao$av$9local
=999  \\$azk$bma

