=LDR  02616naa a2200589 i 4500
=001  b0000003226302
=005  20200501071311.2
=008  141021s2014\\\\pl\\\\\\\\\\\|000\0\pol\\
=009  991029626099705066
=035  \\$a(EXLNZ-48OMNIS_NETWORK)9910101602605606
=035  \\$a(OCoLC)899839033
=035  \\$a(PL)b0000003226302
=035  \\$a(PL-WaBN)b32263028-48omnis_nlop
=035  \\$a991029626099705066
=035  \\$ab32263028
=040  \\$aWA N$cWA N
=100  1\$aKwiatkowska, Anna$c(kulturoznawca)
=245  10$aLondyński portret czyli Próba zilustrowania powieści Charlesa Dickensa obrazami Jamesa McNeill Whistlera /$cAnna Kwiatkowska.
=246  30$aPróba zilustrowania powieści Charlesa Dickensa obrazami Jamesa McNeill Whistlera
=260  \\$c2014.
=336  \\$aTekst$btxt$2rdacontent
=337  \\$aBez urządzenia pośredniczącego$bn$2rdamedia
=338  \\$aWolumin$bnc$2rdacarrier
=380  \\$iMajor genre$aLiterature$leng
=380  \\$aArtykuły
=381  \\$iMajor genre$aFiction$leng
=504  \\$aBibliogr. s. 162-164.
=600  17$aDickens, Charles$d(1812-1870)$2DBN$1http://viaf.org/viaf/88666393
=600  17$aWhistler, James McNeill$d(1834-1903)$2DBN$1http://viaf.org/viaf/46804212
=648  \7$a1801-1900$2DBN
=651  \7$aLondyn (Wielka Brytania)$xw literaturze angielskiej.$2DBN
=651  \7$aLondyn (Wielka Brytania)$xw sztuce amerykańskiej.$2DBN
=655  \7$aIlustracje$xhistoria$zWielka Brytania$y19 w.$2DBN
=655  \7$aMalarstwo amerykańskie$xtematyka$y19 w.$2DBN
=655  \7$aPowieść angielska$xilustracje$2DBN
=655  \7$aPowieść angielska$xtematyka$y19 w.$2DBN
=773  0\$iW:$tCharles Dickens : refleksje, inspiracje, (re)interpretacje,$gs. 146-164
=856  42$uhttp://libri.ucl.cas.cz/Record/b0000003215701$ychapter of: Charles Dickens : refleksje, inspiracje, (re)interpretacje, Olsztyn: Wydawnictwo Uniwersytetu Warmińsko-Mazurskiego 2014
=902  \\$a170219$c141021$dm$eb$f-$g0
=909  \\$ab0000032263028
=916  \\$aKwiatkowska, Anna  (kulturoznawca)
=951  \7$aLondyn (Wielka Brytania)$xw literaturze angielskiej.$2DBN
=951  \7$aLondyn (Wielka Brytania)$xw sztuce amerykańskiej.$2DBN
=955  \7$aIlustracje$xhistoria$zWielka Brytania$y19 w.$2DBN
=955  \7$aMalarstwo amerykańskie$xtematyka$y19 w.$2DBN
=955  \7$aPowieść angielska$xilustracje$2DBN
=955  \7$aPowieść angielska$xtematyka$y19 w.$2DBN
=980  \\$aArtykuły
=995  \\$aPolska Bibliografia Literacka$bPBL 2013-2020: rozdziały książek
=996  \\$a.b32263028$9local
=998  \\$ao$av$9local
=999  \\$azk$bbp

