=LDR  02014naa a2200517 i 4500
=001  b0000003226314
=005  20200502060055.7
=008  141021s2014\\\\pl\\\\\\\\\\\|000\0\pol\\
=009  991029626569705066
=035  \\$a(EXLNZ-48OMNIS_NETWORK)9910526844205606
=035  \\$a(OCoLC)899839053
=035  \\$a(PL)b0000003226314
=035  \\$a(PL-WaBN)b32263144-48omnis_nlop
=035  \\$a991029626569705066
=035  \\$ab32263144
=040  \\$aWA N$cWA N
=100  1\$aJekiel, Daria
=245  10$aTwórczość Dickensa na lekcjach polskiego :$bszansa lektury w czasach czytelniczej zapaści /$cDaria Jekiel.
=260  \\$c2014.
=336  \\$aTekst$btxt$2rdacontent
=337  \\$aBez urządzenia pośredniczącego$bn$2rdamedia
=338  \\$aWolumin$bnc$2rdacarrier
=380  \\$iMajor genre$aLiterature$leng
=380  \\$aArtykuły
=381  \\$iMajor genre$aOther$leng
=504  \\$aBibliogr. s. 178-179.
=600  17$aDickens, Charles$d(1812-1870)$2DBN$1http://viaf.org/viaf/88666393
=648  \7$a1801-1900$2DBN
=648  \7$a1901-2000$2DBN
=648  \7$a2001-$2DBN
=655  \7$aLiteratura angielska$xhistoria$y19 w.$2DBN
=655  \7$aLiteratura$xhistoria$xnauczanie.$2DBN
=655  \7$aProgram nauczania$xhistoria$zPolska$y20-21 w.$2DBN
=773  0\$iW:$tCharles Dickens : refleksje, inspiracje, (re)interpretacje,$gs. 167-179
=856  42$uhttp://libri.ucl.cas.cz/Record/b0000003215701$ychapter of: Charles Dickens : refleksje, inspiracje, (re)interpretacje, Olsztyn: Wydawnictwo Uniwersytetu Warmińsko-Mazurskiego 2014
=902  \\$a170219$c141021$dm$eb$f-$g0
=909  \\$ab0000032263144
=916  \\$aJekiel, Daria
=955  \7$aLiteratura angielska$xhistoria$y19 w.$2DBN
=955  \7$aLiteratura$xhistoria$xnauczanie.$2DBN
=955  \7$aProgram nauczania$xhistoria$zPolska$y20-21 w.$2DBN
=980  \\$aArtykuły
=995  \\$aPolska Bibliografia Literacka$bPBL 2013-2020: rozdziały książek
=996  \\$a.b32263144$9local
=998  \\$ao$av$9local
=999  \\$azk$bbp

