=LDR  02007naa a2200517 i 4500
=001  b0000003226332
=005  20200502060044.8
=008  141021s2014\\\\pl\\\\\\\\\\\|000\0\pol\\
=009  991029627349705066
=035  \\$a(EXLNZ-48OMNIS_NETWORK)9910300519505606
=035  \\$a(OCoLC)899839146
=035  \\$a(PL)b0000003226332
=035  \\$a(PL-WaBN)b32263326-48omnis_nlop
=035  \\$a991029627349705066
=035  \\$ab32263326
=040  \\$aWA N$cWA N
=100  1\$aKujawska-Lis, Ewa$d(1972- )$1http://viaf.org/viaf/73612199
=245  10$aDickens przerobiony :$bbibliografia polskich przekładów i wydań utworów Dickensa : krótka historia polskich przekładów utworów Dickensa /$cEwa Kujawska-Lis.
=260  \\$c2014.
=336  \\$aTekst$btxt$2rdacontent
=337  \\$aBez urządzenia pośredniczącego$bn$2rdamedia
=338  \\$aWolumin$bnc$2rdacarrier
=380  \\$iMajor genre$aSecondary literature$leng
=380  \\$aArtykuły
=504  \\$aBibliogr. s. 188-189.
=600  17$aDickens, Charles$d(1812-1870)$2DBN$1http://viaf.org/viaf/88666393
=648  \7$a1801-1900$2DBN
=648  \7$a1901-2000$2DBN
=648  \7$a2001-$2DBN
=650  \7$aLiteratura angielska$2DBN
=650  \7$aPrzekłady polskie$2DBN
=650  \7$aEnglish literature$2ELB-n
=655  \7$aBibliografia$2DBN
=658  \\$aLiteraturoznawstwo
=773  0\$iW:$tCharles Dickens : refleksje, inspiracje, (re)interpretacje,$gs. 180-198
=856  42$uhttp://libri.ucl.cas.cz/Record/b0000003215701$ychapter of: Charles Dickens : refleksje, inspiracje, (re)interpretacje, Olsztyn: Wydawnictwo Uniwersytetu Warmińsko-Mazurskiego 2014
=902  \\$a180518$c141021$dm$eb$f-$g0
=909  \\$ab0000032263326
=916  \\$aKujawska-Lis, Ewa   (1972- )
=955  \7$aBibliografia$2DBN
=958  \\$aLiteraturoznawstwo
=980  \\$aArtykuły
=995  \\$aPolska Bibliografia Literacka$bPBL 2013-2020: rozdziały książek
=996  \\$a.b32263326$9local
=998  \\$ao$av$9local
=999  \\$azk$bbp$cJHPbw

