=LDR  02110naa a2200481 i 4500
=001  b0000003226940
=005  20200502060142.0
=008  141021s2014\\\\pl\\\\\\\\\\\|000\0\pol\\
=009  991029650779705066
=035  \\$a(EXLNZ-48OMNIS_NETWORK)9910217888405606
=035  \\$a(OCoLC)899840801
=035  \\$a(PL)b0000003226940
=035  \\$a(PL-WaBN)b32269407-48omnis_nlop
=035  \\$a991029650779705066
=035  \\$ab32269407
=040  \\$aWA N$cWA N
=100  1\$aKasperkiewicz-Morlewska, Katarzyna$d(1984- )$1http://viaf.org/viaf/306425448
=245  10$aKultura ludowa w twórczości Anny Kamieńskiej :$b(demonologia ludowa) /$cKatarzyna Kasperkiewicz ; Akademia Pedagogiki Specjalnej im. Marii Grzegorzewskiej w Warszawie.
=260  \\$c2014.
=336  \\$aTekst$btxt$2rdacontent
=337  \\$aBez urządzenia pośredniczącego$bn$2rdamedia
=338  \\$aWolumin$bnc$2rdacarrier
=380  \\$iMajor genre$aLiterature$leng
=380  \\$aArtykuły
=381  \\$iMajor genre$aLyrical poetry$leng
=600  17$aKamieńska, Anna$d(1920-1986)$2DBN$1http://viaf.org/viaf/61572156
=648  \7$a1901-2000$2DBN
=648  \7$a1945-1989$2DBN
=650  \7$aFolklor$xw literaturze polskiej$2DBN
=655  \7$aPoezja polska$xtematyka$y1944-1989 r.$2DBN
=710  2\$aAkademia Pedagogiki Specjalnej im. Marii Grzegorzewskiej$4oth
=773  0\$iW:$tInspiracje folklorem w kulturze i edukacji : w dwusetną rocznicę urodzin Oskara Kolberga,$gs. 149-163
=856  42$uhttp://libri.ucl.cas.cz/Record/b0000003211547$ychapter of: Inspiracje folklorem w kulturze i edukacji : w dwusetną rocznicę urodzin Oskara Kolberga, Warszawa: Wydawnictwo Pani Twardowska 2014
=902  \\$a170219$c141021$dm$eb$f-$g0
=909  \\$ab0000032269407
=916  \\$aKasperkiewicz, Katarzyna   (1984- )
=921  2\$aAkademia Pedagogiki Specjalnej im. Marii Grzegorzewskiej
=955  \7$aPoezja polska$xtematyka$y1944-1989 r.$2DBN
=980  \\$aArtykuły
=995  \\$aPolska Bibliografia Literacka$bPBL 2013-2020: rozdziały książek
=996  \\$a.b32269407$9local
=998  \\$ao$av$9local
=999  \\$azk$bil

