=LDR  02078naa a2200481 i 4500
=001  b0000003226952
=005  20200501071405.8
=008  141021s2014\\\\pl\\\\\\\\\\\|000\0\pol\\
=009  991029651219705066
=035  \\$a(EXLNZ-48OMNIS_NETWORK)9910024460205606
=035  \\$a(OCoLC)899840727
=035  \\$a(PL)b0000003226952
=035  \\$a(PL-WaBN)b32269523-48omnis_nlop
=035  \\$a991029651219705066
=035  \\$ab32269523
=040  \\$aWA N$cWA N
=100  1\$aJakubczak, Małgorzata
=245  10$a"Jaskółka gniazdko wije, a ty niczyje" - dziecko bohaterem ludowych prawd Marii Konopnickiej /$cMałgorzata Jakubczak ; Akademia Pedagogiki Specjalnej im. Marii Grzegorzewskiej w Warszawie.
=260  \\$c2014.
=336  \\$aTekst$btxt$2rdacontent
=337  \\$aBez urządzenia pośredniczącego$bn$2rdamedia
=338  \\$aWolumin$bnc$2rdacarrier
=380  \\$iMajor genre$aLiterature$leng
=380  \\$aArtykuły
=381  \\$iMajor genre$aOther$leng
=600  17$aKonopnicka, Maria$d(1842-1910)$2DBN$1http://viaf.org/viaf/89496348
=648  \7$a1801-1900$2DBN
=648  \7$a1901-2000$2DBN
=650  \7$aFolklor$xw literaturze polskiej$2DBN
=655  \7$aLiteratura dziecięca polska$xtematyka$y19-20 w.$2DBN
=710  2\$aAkademia Pedagogiki Specjalnej im. Marii Grzegorzewskiej$4oth
=773  0\$iW:$tInspiracje folklorem w kulturze i edukacji : w dwusetną rocznicę urodzin Oskara Kolberga,$gs. 164-173
=856  42$uhttp://libri.ucl.cas.cz/Record/b0000003211547$ychapter of: Inspiracje folklorem w kulturze i edukacji : w dwusetną rocznicę urodzin Oskara Kolberga, Warszawa: Wydawnictwo Pani Twardowska 2014
=902  \\$a170219$c141021$dm$eb$f-$g0
=909  \\$ab0000032269523
=916  \\$aJakubczak, Małgorzata
=921  2\$aAkademia Pedagogiki Specjalnej im. Marii Grzegorzewskiej
=955  \7$aLiteratura dziecięca polska$xtematyka$y19-20 w.$2DBN
=980  \\$aArtykuły
=995  \\$aPolska Bibliografia Literacka$bPBL 2013-2020: rozdziały książek
=996  \\$a.b32269523$9local
=998  \\$ao$av$9local
=999  \\$azk$bil

