=LDR  01715naa a2200409 i 4500
=001  b0000003226986
=005  20200501071351.0
=008  141021s2014\\\\pl\\\\\\\\\\\|000\0\pol\\
=009  991029652359705066
=035  \\$a(EXLNZ-48OMNIS_NETWORK)9910137168005606
=035  \\$a(OCoLC)899840926
=035  \\$a(PL)b0000003226986
=035  \\$a(PL-WaBN)b32269869-48omnis_nlop
=035  \\$a991029652359705066
=035  \\$ab32269869
=040  \\$aWA N$cWA N
=100  1\$aOstolska, Magdalena )$d(1972- )$1http://viaf.org/viaf/79152682594723312711
=245  10$aFolklor zawodu aktora /$cMagdalena Ostolska ; Akademia Pedagogiki Specjalnej im. Marii Grzegorzewskiej w Warszawie.
=260  \\$c2014.
=336  \\$aTekst$btxt$2rdacontent
=337  \\$aBez urządzenia pośredniczącego$bn$2rdamedia
=338  \\$aWolumin$bnc$2rdacarrier
=380  \\$aArtykuły
=650  \7$aFolklor$xa teatr$2DBN
=650  \7$aTeatr$xsocjologia$2DBN
=710  2\$aAkademia Pedagogiki Specjalnej im. Marii Grzegorzewskiej$4oth
=773  0\$iW:$tInspiracje folklorem w kulturze i edukacji : w dwusetną rocznicę urodzin Oskara Kolberga,$gs. 174-191
=856  42$uhttp://libri.ucl.cas.cz/Record/b0000003211547$ychapter of: Inspiracje folklorem w kulturze i edukacji : w dwusetną rocznicę urodzin Oskara Kolberga, Warszawa: Wydawnictwo Pani Twardowska 2014
=902  \\$a170219$c141021$dm$eb$f-$g0
=909  \\$ab0000032269869
=916  \\$aOstolska, Magdalena   (1972-)
=921  2\$aAkademia Pedagogiki Specjalnej im. Marii Grzegorzewskiej
=980  \\$aArtykuły
=995  \\$aPolska Bibliografia Literacka$bPBL 2013-2020: rozdziały książek
=996  \\$a.b32269869$9local
=998  \\$ao$av$9local
=999  \\$azk$bil

