=LDR  01814naa a2200445 i 4500
=001  b0000003227246
=005  20200502060052.7
=008  141021s2014\\\\pl\\\\\\\\\\\|000\0\pol\\
=009  991029662729705066
=035  \\$a(EXLNZ-48OMNIS_NETWORK)9910491626205606
=035  \\$a(OCoLC)899841745
=035  \\$a(PL)b0000003227246
=035  \\$a(PL-WaBN)b32272467-48omnis_nlop
=035  \\$a991029662729705066
=035  \\$ab32272467
=040  \\$aWA N$cWA N
=100  1\$aMozgawa, Paweł$d(1985- )$1http://viaf.org/viaf/91152682497823310709
=245  10$aWybrane listy z korespondencji rezydenta warszawskiego Jerzego Frąckiewicza Radzimińskiego do hetmana polnego litewskiego Krzysztofa II Radziwiłła z lat 1618-1620 /$cPaweł Mozgawa.
=260  \\$c2014.
=336  \\$aTekst$btxt$2rdacontent
=337  \\$aBez urządzenia pośredniczącego$bn$2rdamedia
=338  \\$aWolumin$bnc$2rdacarrier
=380  \\$iMajor genre$aLiterature$leng
=380  \\$aArtykuły
=381  \\$iMajor genre$aOther$leng
=600  17$aFrąckiewicz, Jan$d(?-1635)$2DBN
=600  17$aRadziwiłł, Krzysztof$d(1585-1640)$2DBN$1http://viaf.org/viaf/54948810
=648  \7$a1601-1700$2DBN
=655  \7$aListy polskie$xhistoria$y17 w.$2DBN
=773  0\$iW:$tStudia nad staropolską sztuką wojenną. T. 3,$gs. 197-242
=856  42$uhttp://libri.ucl.cas.cz/Record/b0000003212417$ychapter of: Studia nad staropolską sztuką wojenną. T. 3, Oświęcim: Wydawnictwo Napoleon V 2014
=902  \\$a170219$c141021$dm$eb$f-$g0
=909  \\$ab0000032272467
=916  \\$aMozgawa, Paweł   (1985- )
=955  \7$aListy polskie$xhistoria$y17 w.$2DBN
=980  \\$aArtykuły
=995  \\$aPolska Bibliografia Literacka$bPBL 2013-2020: rozdziały książek
=996  \\$a.b32272467$9local
=998  \\$ao$av$9local
=999  \\$azk$bpw

