=LDR  01985naa a2200481 i 4500
=001  b0000003227250
=005  20200501071311.2
=008  141021s2014\\\\pl\\\\\\\\\\\|000\0\pol\\
=009  991029662869705066
=035  \\$a(EXLNZ-48OMNIS_NETWORK)9910110894505606
=035  \\$a(OCoLC)899841772
=035  \\$a(PL)b0000003227250
=035  \\$a(PL-WaBN)b32272509-48omnis_nlop
=035  \\$a991029662869705066
=035  \\$ab32272509
=040  \\$aWA N$cWA N
=100  1\$aGroszkowski, Marek$d(1988- )$1http://viaf.org/viaf/311382624
=245  10$aListy Jana Stachurskiego - komendanta Białej Cerkwi w latach 1664-1668 /$cMarek Groszkowski, Maciej Adam Pieńkowski ; Uniwersytet Kardynała Stefana Wyszyńskiego w Warszawie.
=260  \\$c2014.
=336  \\$aTekst$btxt$2rdacontent
=337  \\$aBez urządzenia pośredniczącego$bn$2rdamedia
=338  \\$aWolumin$bnc$2rdacarrier
=380  \\$iMajor genre$aLiterature$leng
=380  \\$aArtykuły
=381  \\$iMajor genre$aOther$leng
=600  17$aStachurski, Jan$d(?-1669)$2DBN
=648  \7$a1601-1700$2DBN
=655  \7$aListy polskie$xhistoria$y17 w.$2DBN
=700  1\$aPieńkowski, Maciej A$d(1987- )$1http://viaf.org/viaf/316645298
=710  2\$aUniwersytet Kardynała Stefana Wyszyńskiego (Warszawa)$4oth
=773  0\$iW:$tStudia nad staropolską sztuką wojenną. T. 3,$gs. 243-253
=856  42$uhttp://libri.ucl.cas.cz/Record/b0000003212417$ychapter of: Studia nad staropolską sztuką wojenną. T. 3, Oświęcim: Wydawnictwo Napoleon V 2014
=902  \\$a170724$c141021$dm$eb$f-$g0
=909  \\$ab0000032272509
=916  \\$aGroszkowski, Marek   (1988- )
=918  1\$aPieńkowski, Maciej$d(1987-)
=921  2\$aUniwersytet Kardynała Stefana Wyszyńskiego (Warszawa)
=955  \7$aListy polskie$xhistoria$y17 w.$2DBN
=980  \\$aArtykuły
=995  \\$aPolska Bibliografia Literacka$bPBL 2013-2020: rozdziały książek
=996  \\$a.b32272509$9local
=998  \\$ao$av$9local
=999  \\$azk$bpw

