=LDR  02031naa a2200505 i 4500
=001  b0000003227806
=005  20200501071416.5
=008  141022s2012\\\\pl\\\\\\\\\\\|000\0\pol\\
=009  991029685039705066
=035  \\$a(EXLNZ-48OMNIS_NETWORK)9910075815505606
=035  \\$a(OCoLC)899843358
=035  \\$a(PL)b0000003227806
=035  \\$a(PL-WaBN)b32278068-48omnis_nlop
=035  \\$a991029685039705066
=035  \\$ab32278068
=040  \\$aWA N$cWA N
=100  1\$aOwczarek, Adam
=245  10$a"Angora" :$bogólnopolski tygodnik przeglądowy prasy krajowej i światowej wydawany w Łodzi /$cAdam Owczarek ; Uniwersytet Łódzki, Akademia Humanistyczno-Ekonomiczna w Łodzi.
=260  \\$c2012.
=336  \\$aTekst$btxt$2rdacontent
=337  \\$aBez urządzenia pośredniczącego$bn$2rdamedia
=338  \\$aWolumin$bnc$2rdacarrier
=380  \\$aArtykuły
=504  \\$aBibliogr., netogr.  s. 150.
=630  07$aKultura (czasopismo ; Łódź)$2DBN
=651  \7$aŁódź (woj. łódzkie)$xmedia$yod 1989 r.$2DBN
=655  \7$aCzasopisma społeczno-kulturalne polskie$xhistoria$yod 1989 r.$2DBN
=710  2\$aAkademia Humanistyczno-Ekonomiczna (Łódź)$4oth
=710  2\$aUniwersytet Łódzki$4oth
=773  0\$iW:$tŁódzkie media dawniej i dziś,$gs. 138-150
=856  42$uhttp://libri.ucl.cas.cz/Record/b0000003214122$ychapter of: Łódzkie media dawniej i dziś, Łódź: Wydawnictwo Primum Verbum 2012
=902  \\$a180926$c141022$dm$eb$f-$g0
=909  \\$ab0000032278068
=916  \\$aOwczarek, Adam
=921  2\$aAkademia Humanistyczno-Ekonomiczna (Łódź)
=921  2\$aUniwersytet Łódzki
=930  07$aKultura (czasopismo ; Łódź)$2DBN
=951  \7$aŁódź (woj. łódzkie)$xmedia$yod 1989 r.$2DBN
=955  \7$aCzasopisma społeczno-kulturalne polskie$xhistoria$yod 1989 r.$2DBN
=980  \\$aArtykuły
=995  \\$aPolska Bibliografia Literacka$bPBL 2013-2020: rozdziały książek
=996  \\$a.b32278068$9local
=998  \\$ao$av$9local
=999  \\$aJHP$bjk
=999  \\$azk$bma

