=LDR  02108naa a2200481 i 4500
=001  b0000003227956
=005  20200501071336.0
=008  141022s2012\\\\pl\\\\\\\\\\\|000\0\pol\\
=009  991029690799705066
=035  \\$a(EXLNZ-48OMNIS_NETWORK)9910272095605606
=035  \\$a(OCoLC)899843888
=035  \\$a(PL)b0000003227956
=035  \\$a(PL-WaBN)b32279565-48omnis_nlop
=035  \\$a991029690799705066
=035  \\$ab32279565
=040  \\$aWA N$cWA N
=100  1\$aFiołek-Lubczyńska, Bogumiła$d(1974- )$1http://viaf.org/viaf/102161229
=245  10$aSztuka, nauka, historia, czyli TVP Łódź z Piotrem Słowikowskim /$cBogumiła Fiołek-Lubczyńska ; Katedra Dziennikarstwa i Komunikacji Społecznej Uniwersytetu Łódzkiego.
=246  30$aTVP Łódź z Piotrem Słowikowskim
=260  \\$c2012.
=336  \\$aTekst$btxt$2rdacontent
=337  \\$aBez urządzenia pośredniczącego$bn$2rdamedia
=338  \\$aWolumin$bnc$2rdacarrier
=380  \\$aArtykuły
=504  \\$aBibliogr., netogr. s. 192.
=600  17$aSłowikowski, Piotr$d(1949- )$2DBN
=610  27$aTelewizja Polska.$bOśrodek Łódź$2DBN
=650  \7$aReżyseria$xhistoria$zPolska$yod 1944 r.$2DBN
=650  \7$aTelewizja regionalna$zPolska$2DBN
=651  \7$aŁódź (woj. łódzkie)$xmedia$yod 1944 r.$2DBN
=710  2\$aKatedra Dziennikarstwa i Komunikacji Społecznej (Uniwersytet Łódzki)$4oth$1http://viaf.org/viaf/5488156012440049700008
=773  0\$iW:$tŁódzkie media dawniej i dziś,$gs. 179-192
=856  42$uhttp://libri.ucl.cas.cz/Record/b0000003214122$ychapter of: Łódzkie media dawniej i dziś, Łódź: Wydawnictwo Primum Verbum 2012
=902  \\$a170918$c141022$dm$eb$f-$g0
=909  \\$ab0000032279565
=916  \\$aFiołek-Lubczyńska, Bogumiła   (1974- )
=921  2\$aKatedra Dziennikarstwa i Komunikacji Społecznej (Uniwersytet Łódzki)
=951  \7$aŁódź (woj. łódzkie)$xmedia$yod 1944 r.$2DBN
=980  \\$aArtykuły
=995  \\$aPolska Bibliografia Literacka$bPBL 2013-2020: rozdziały książek
=996  \\$a.b32279565$9local
=998  \\$ao$av$9local
=999  \\$azk$bma

