=LDR  02174naa a2200493 i 4500
=001  b0000003228243
=005  20200501071415.6
=008  141022s2013\\\\pl\\\\\\\\\\\|000\0\pol\\
=009  991029702089705066
=035  \\$a(EXLNZ-48OMNIS_NETWORK)9910306735005606
=035  \\$a(OCoLC)899844743
=035  \\$a(PL)b0000003228243
=035  \\$a(PL-WaBN)b32282436-48omnis_nlop
=035  \\$a991029702089705066
=035  \\$ab32282436
=040  \\$aWA N$cWA N
=100  1\$aKubis, Barbara Krystyna$1http://viaf.org/viaf/46709275
=245  10$aGabriel Narutowicz i polityczny gorący grudzień w świetle literatury dokumentu osobistego /$cBarbara Kubis ; Uniwersytet Opolski.
=260  \\$c2013.
=336  \\$aTekst$btxt$2rdacontent
=337  \\$aBez urządzenia pośredniczącego$bn$2rdamedia
=338  \\$aWolumin$bnc$2rdacarrier
=380  \\$iMajor genre$aLiterature$leng
=380  \\$aArtykuły
=381  \\$iMajor genre$aOther$leng
=600  17$aNarutowicz, Gabriel$d(1865-1922)$2DBN$1http://viaf.org/viaf/64805152
=648  \7$a1901-2000$2DBN
=648  \7$a1918-1939$2DBN
=651  \7$aPolska$xpolityka wewnętrzna$y1918-1939 r.$2DBN
=655  \7$aPamiętniki polskie$xhistoria$y1918-1939 r.$2DBN
=710  2\$aUniwersytet Opolski$4oth
=773  0\$iW:$tPrezydent Gabriel Narutowicz i polityczny gorący grudzień 1922 roku : zbiór studiów,$gs. 32-51.
=856  42$uhttp://libri.ucl.cas.cz/Record/b0000003217401$ychapter of: Prezydent Gabriel Narutowicz i polityczny gorący grudzień 1922 roku : zbiór studiów, Bielsko-Biała: Wydawnictwo Cum Laude, Opole: na zlec. Polskiego Towarzystwa Historycznego. Oddział, Warszawa: na zlec. Katolickiego Stowarzyszenia "Civitas Christiana" 2013
=902  \\$a170219$c141022$dm$eb$f-$g0
=909  \\$ab0000032282436
=916  \\$aKubis, Barbara Krystyna
=921  2\$aUniwersytet Opolski
=951  \7$aPolska$xpolityka wewnętrzna$y1918-1939 r.$2DBN
=955  \7$aPamiętniki polskie$xhistoria$y1918-1939 r.$2DBN
=980  \\$aArtykuły
=995  \\$aPolska Bibliografia Literacka$bPBL 2013-2020: rozdziały książek
=996  \\$a.b32282436$9local
=998  \\$ao$av$9local
=999  \\$azk$bdm$cil

