=LDR  01659naa a2200445 i 4500
=001  b0000003228400
=005  20200502060030.2
=008  141022s2012\\\\pl\\\\\\\\\\\|000\0\pol\\
=009  991029708249705066
=035  \\$a(EXLNZ-48OMNIS_NETWORK)9910488127805606
=035  \\$a(OCoLC)899845220
=035  \\$a(PL)b0000003228400
=035  \\$a(PL-WaBN)b32284007-48omnis_nlop
=035  \\$a991029708249705066
=035  \\$ab32284007
=040  \\$aWA N$cWA N
=100  1\$aAlbińska, Karolina
=245  10$aOswoić starość w dobie kultu młodości :$bmiędzy radiową rozrywką a edukacją, czyli O słuchowisku w objęciach "edutainment"? /$cKarolina Albińska ; Uniwersytet Łódzki.
=246  30$aO słuchowisku w objęciach "edutaninment"?
=260  \\$c2012.
=336  \\$aTekst$btxt$2rdacontent
=337  \\$aBez urządzenia pośredniczącego$bn$2rdamedia
=338  \\$aWolumin$bnc$2rdacarrier
=380  \\$aArtykuły
=504  \\$aBibliogr. s. 50-53.
=650  \7$aStarość$xw mediach$2DBN
=655  \7$aSłuchowiska$xtematyka$zPolska$2DBN
=710  2\$aUniwersytet Łódzki$4oth
=773  0\$iW:$tRozrywka w mediach,$gs. 35-53
=856  42$uhttp://libri.ucl.cas.cz/Record/b0000003214113$ychapter of: Rozrywka w mediach, Łódź: Wydawnictwo Primum Verbum 2012
=902  \\$a170219$c141022$dm$eb$f-$g0
=909  \\$ab0000032284007
=916  \\$aAlbińska, Karolina
=921  2\$aUniwersytet Łódzki
=955  \7$aSłuchowiska$xtematyka$zPolska$2DBN
=980  \\$aArtykuły
=995  \\$aPolska Bibliografia Literacka$bPBL 2013-2020: rozdziały książek
=996  \\$a.b32284007$9local
=998  \\$ao$av$9local
=999  \\$azk$bil

