=LDR  01570naa a2200421 i 4500
=001  b0000003228542
=005  20200502060036.2
=008  141022s2014\\\\pl\\\\\\\\\\\|000\0\pol\\
=009  991029713829705066
=035  \\$a(EXLNZ-48OMNIS_NETWORK)9910468844205606
=035  \\$a(OCoLC)899845730
=035  \\$a(PL)b0000003228542
=035  \\$a(PL-WaBN)b32285425-48omnis_nlop
=035  \\$a991029713829705066
=035  \\$ab32285425
=040  \\$aWA N$cWA N
=100  1\$aPawlicka, Kama
=245  10$aZastosowanie strategii marketingowych w polskich teatrach /$cKama Pawlicka ; Uniwersytet Kardynała Stefana Wyszyńskiego w Warszawie.
=260  \\$c2014.
=336  \\$aTekst$btxt$2rdacontent
=337  \\$aBez urządzenia pośredniczącego$bn$2rdamedia
=338  \\$aWolumin$bnc$2rdacarrier
=380  \\$aArtykuły
=648  \7$a2001-$2DBN
=650  \7$aTeatr polski$xhistoria$y21 w.$2DBN
=650  \7$aTeatr$xmarketing$2DBN
=710  2\$aUniwersytet Kardynała Stefana Wyszyńskiego (Warszawa)$4oth
=773  0\$iW:$tZarządzanie w instytucjach kultury,$gs. 139-146
=856  42$uhttp://libri.ucl.cas.cz/Record/b0000003225287$ychapter of: Zarządzanie w instytucjach kultury, Warszawa: CeDeWu 2014
=902  \\$a170724$c141022$dm$eb$f-$g0
=909  \\$ab0000032285425
=916  \\$aPawlicka, Kama
=921  2\$aUniwersytet Kardynała Stefana Wyszyńskiego (Warszawa)
=980  \\$aArtykuły
=995  \\$aPolska Bibliografia Literacka$bPBL 2013-2020: rozdziały książek
=996  \\$a.b32285425$9local
=998  \\$ao$av$9local
=999  \\$azk$bezm$bil

