=LDR  02209naa a2200505 i 4500
=001  b0000003228551
=005  20200502060050.8
=008  141022s2014\\\\pl\\\\\\\\\\\|000\0\pol\\
=009  991029714219705066
=035  \\$a(EXLNZ-48OMNIS_NETWORK)9910331923905606
=035  \\$a(OCoLC)899845762
=035  \\$a(PL)b0000003228551
=035  \\$a(PL-WaBN)b32285516-48omnis_nlop
=035  \\$a991029714219705066
=035  \\$ab32285516
=040  \\$aWA N$cWA N
=100  1\$aRendaszka, Maciej
=245  10$aUwarunkowania skuteczności organizacji transgranicznych wydarzeń kulturalnych na przykładzie 15. edycji Przeglądu Filmowego "Kino na granicy" /$cMaciej Rendaszka ; Wyższa Szkoła Biznesu w Dąbrowie Górniczej.
=260  \\$c2014.
=336  \\$aTekst$btxt$2rdacontent
=337  \\$aBez urządzenia pośredniczącego$bn$2rdamedia
=338  \\$aWolumin$bnc$2rdacarrier
=380  \\$aArtykuły
=611  27$aPrzegląd Filmowy Kino na Granicy$n(15 ;$d2013 ;$cCieszyn / Czeski Cieszyn)$2DBN
=648  \7$a2001-$2DBN
=651  \7$aCieszyn (woj. śląskie)$xfilm$xkonkursy i festiwale$y21 w.$2DBN
=651  \7$aCzeski Cieszyn (Czechy)$xfilm$xkonkursy i festiwale$y21 w.$2DBN
=655  \7$aFilm czeski$xkonkursy i festiwale$y21 w.$2DBN
=655  \7$aFilm polski$xkonkursy i festiwale$y21 w.$2DBN
=710  2\$aWyższa Szkoła Biznesu (Dąbrowa Górnicza)$4oth
=773  0\$iW:$tZarządzanie w instytucjach kultury,$gs. 179-189
=856  42$uhttp://libri.ucl.cas.cz/Record/b0000003225287$ychapter of: Zarządzanie w instytucjach kultury, Warszawa: CeDeWu 2014
=902  \\$a170219$c141022$dm$eb$f-$g0
=909  \\$ab0000032285516
=916  \\$aRendaszka, Maciej
=921  2\$aWyższa Szkoła Biznesu (Dąbrowa Górnicza)
=951  \7$aCieszyn (woj. śląskie)$xfilm$xkonkursy i festiwale$y21 w.$2DBN
=951  \7$aCzeski Cieszyn (Czechy)$xfilm$xkonkursy i festiwale$y21 w.$2DBN
=955  \7$aFilm czeski$xkonkursy i festiwale$y21 w.$2DBN
=955  \7$aFilm polski$xkonkursy i festiwale$y21 w.$2DBN
=980  \\$aArtykuły
=995  \\$aPolska Bibliografia Literacka$bPBL 2013-2020: rozdziały książek
=996  \\$a.b32285516$9local
=998  \\$ao$av$9local
=999  \\$azk$bezm

