=LDR  02351naa a2200625 i 4500
=001  b0000003230467
=005  20200502060045.7
=008  141023s2013\\\\pl\\\\\\\\\\\|000\0\pol\\
=009  991029789489705066
=035  \\$a(EXLNZ-48OMNIS_NETWORK)9910273867005606
=035  \\$a(OCoLC)899851969
=035  \\$a(PL)b0000003230467
=035  \\$a(PL-WaBN)b32304675-48omnis_nlop
=035  \\$a991029789489705066
=035  \\$ab32304675
=040  \\$aWA N$cWA N
=045  2\$bd1945$bd1989
=100  1\$aBal-Nowak, Maria
=245  10$aCzy samobójstwo jest złe czy "tylko" absurdalne? - przypadek Kiryłowa /$cMaria Bal-Nowak ; Uniwersytet Pedagogiczny im. Komisji Edukacji Narodowej w Krakowie.
=260  \\$c2013.
=336  \\$aTekst$btxt$2rdacontent
=337  \\$aBez urządzenia pośredniczącego$bn$2rdamedia
=338  \\$aWolumin$bnc$2rdacarrier
=380  \\$iMajor genre$aLiterature$leng
=380  \\$aArtykuły
=381  \\$iMajor genre$aFiction$leng
=600  17$aCamus, Albert$d(1913-1960).$tLe Mythe de Sisyphe$2DBN$1http://viaf.org/viaf/97000332
=600  17$aDostoyevsky, Fyodor$d(1821-1881)$tBesy$2DBN$1http://viaf.org/viaf/104023256
=648  \7$a1801-1900$2DBN
=648  \7$a1901-2000$2DBN
=648  \7$a1945-1989$2DBN
=650  \7$aFilozofia francuska$2DBN
=650  \7$aSamobójstwo$xfilozofia.$2DBN
=650  \7$aSamobójstwo$xw literaturze rosyjskiej.$2DBN
=651  \7$aFrancja$2DBN
=655  \7$aPowieść rosyjska$xtematyka$2DBN
=658  \\$aFilozofia i etyka
=658  \\$aHistoria
=710  2\$aUniwersytet Pedagogiczny im. Komisji Edukacji Narodowej (Kraków)$4oth
=773  0\$iW:$tEtyka a zło,$gs. 164-173
=856  42$uhttp://libri.ucl.cas.cz/Record/b0000003225861$ychapter of: Etyka a zło, Kraków: Wydawnictwo Naukowe Uniwersytetu Pedagogicznego 2013
=902  \\$a180702$c141023$dm$eb$f-$g0
=909  \\$ab0000032304675
=916  \\$aBal-Nowak, Maria
=921  2\$aUniwersytet Pedagogiczny im. Komisji Edukacji Narodowej (Kraków)
=945  2\$b1945$b1989
=951  \7$aFrancja$2DBN
=955  \7$aPowieść rosyjska$xtematyka$2DBN
=958  \\$aFilozofia i etyka
=958  \\$aHistoria
=980  \\$aArtykuły
=995  \\$aPolska Bibliografia Literacka$bPBL 2013-2020: rozdziały książek
=996  \\$a.b32304675$9local
=998  \\$ao$av$9local
=999  \\$azk$btk$bbp

