=LDR  01913naa a2200481 i 4500
=001  b0000003230679
=005  20200502060134.4
=008  141024s2013\\\\pl\\\\\\\\\\\|000\0\pol\\
=009  991029797929705066
=035  \\$a(EXLNZ-48OMNIS_NETWORK)9910190597905606
=035  \\$a(OCoLC)899852704
=035  \\$a(PL)b0000003230679
=035  \\$a(PL-WaBN)b32306799-48omnis_nlop
=035  \\$a991029797929705066
=035  \\$ab32306799
=040  \\$aWA N$cWA N
=100  1\$aDomeracki, Piotr
=245  10$aFigura diabła w dyskursie filozoficznym :$bperspektywa de Rougemonta /$cPiotr Domeracki ; Uniwersytet Mikołaja Kopernika w Toruniu.
=260  \\$c2013.
=336  \\$aTekst$btxt$2rdacontent
=337  \\$aBez urządzenia pośredniczącego$bn$2rdamedia
=338  \\$aWolumin$bnc$2rdacarrier
=380  \\$iMajor genre$aLiterature$leng
=380  \\$aArtykuły
=381  \\$iMajor genre$aOther$leng
=600  17$aRougemont, Denis de$d(1906-1985)$tPart du Diable$2DBN$1http://viaf.org/viaf/49230943
=648  \7$a1901-2000$2DBN
=650  \7$aDiabeł$xfilozofia$xhistoria$zSzwajcaria$y20 w.$2DBN
=650  \7$aDiabeł$xw literaturze szwajcarskiej$2DBN
=655  \7$aSzkice literackie szwajcarskie$xtematyka$y20 w.$2DBN
=710  2\$aUniwersytet Mikołaja Kopernika (Toruń)$4oth
=773  0\$iW:$tEtyka a zło,$gs. 207-223
=856  42$uhttp://libri.ucl.cas.cz/Record/b0000003225861$ychapter of: Etyka a zło, Kraków: Wydawnictwo Naukowe Uniwersytetu Pedagogicznego 2013
=902  \\$a170227$c141024$dm$eb$f-$g0
=909  \\$ab0000032306799
=916  \\$aDomeracki, Piotr
=921  2\$aUniwersytet Mikołaja Kopernika (Toruń)
=955  \7$aSzkice literackie szwajcarskie$xtematyka$y20 w.$2DBN
=980  \\$aArtykuły
=995  \\$aPolska Bibliografia Literacka$bPBL 2013-2020: rozdziały książek
=996  \\$a.b32306799$9local
=998  \\$ao$av$9local
=999  \\$azk$btk$bbp$cJHPbw

