=LDR  01840naa a2200505 i 4500
=001  b0000003232864
=005  20200501071346.8
=008  141024s2012\\\\pl\\\\\\\\\\\|000\0\pol\\
=009  991029884459705066
=035  \\$a(EXLNZ-48OMNIS_NETWORK)9910157051405606
=035  \\$a(OCoLC)899860319
=035  \\$a(PL)b0000003232864
=035  \\$a(PL-WaBN)b32328643-48omnis_nlop
=035  \\$a991029884459705066
=035  \\$ab32328643
=040  \\$aWA N$cWA N
=100  1\$aGaze, Mateusz
=245  10$aFrazematyka jako źródło budowania komizmu językowego w felietonach Tomasza Olbratowskiego /$cMateusz Szymon Gaze ; Uniwersytet Łódzki.
=260  \\$c2012.
=336  \\$aTekst$btxt$2rdacontent
=337  \\$aBez urządzenia pośredniczącego$bn$2rdamedia
=338  \\$aWolumin$bnc$2rdacarrier
=380  \\$iMajor genre$aLiterature$leng
=380  \\$aArtykuły
=381  \\$iMajor genre$aOther$leng
=504  \\$aBibliogr. s. 86-87.
=600  17$aOlbratowski, Tomasz$xjęzyk$2DBN
=648  \7$a2001-$2DBN
=650  \7$aFelieton polski$xstylistyka$y21 w.$2DBN
=650  \7$aJęzyk polski$xstylistyka$y21 w.$2DBN
=650  \7$aKomizm$xw literaturze polskiej$2DBN
=655  \7$aPublicystyka polska$xtematyka$y21 w.$2DBN
=710  2\$aUniwersytet Łódzki$4oth
=773  0\$iW:$tRozrywka w mediach,$gs. 80-87
=856  42$uhttp://libri.ucl.cas.cz/Record/b0000003214113$ychapter of: Rozrywka w mediach, Łódź: Wydawnictwo Primum Verbum 2012
=902  \\$a170219$c141024$dm$eb$f-$g0
=909  \\$ab0000032328643
=916  \\$aGaze, Mateusz
=921  2\$aUniwersytet Łódzki
=955  \7$aPublicystyka polska$xtematyka$y21 w.$2DBN
=980  \\$aArtykuły
=995  \\$aPolska Bibliografia Literacka$bPBL 2013-2020: rozdziały książek
=996  \\$a.b32328643$9local
=998  \\$ao$av$9local
=999  \\$azk$bil

