=LDR  01822naa a2200493 i 4500
=001  b0000003232876
=005  20200502060040.3
=008  141024s2012\\\\pl\\\\\\\\\\\|000\0\pol\\
=009  991029884909705066
=035  \\$a(EXLNZ-48OMNIS_NETWORK)9910335851805606
=035  \\$a(OCoLC)899860217
=035  \\$a(PL)b0000003232876
=035  \\$a(PL-WaBN)b3232876x-48omnis_nlop
=035  \\$a991029884909705066
=035  \\$ab3232876x
=040  \\$aWA N$cWA N
=100  1\$aMaćkowiak, Anna$d(1988- )$1http://viaf.org/viaf/305391486
=245  10$aO sposobach istnienia satyry i satyryczności na antenie :$bprolegomena do przyszłej syntezy /$cAnna Maćkowiak ; Uniwersytet Łódzki.
=260  \\$c2012.
=336  \\$aTekst$btxt$2rdacontent
=337  \\$aBez urządzenia pośredniczącego$bn$2rdamedia
=338  \\$aWolumin$bnc$2rdacarrier
=380  \\$iMajor genre$aLiterature$leng
=380  \\$aArtykuły
=381  \\$iMajor genre$aOther$leng
=504  \\$aBibliogr. s. 94-95.
=648  \7$a2001-$2DBN
=655  \7$aProgram radiowy$xhistoria$zPolska$y21 w.$2DBN
=655  \7$aSatyra polska$xhistoria$y21 w.$2DBN
=710  2\$aUniwersytet Łódzki$4oth
=773  0\$iW:$tRozrywka w mediach,$gs. 88-95
=856  42$uhttp://libri.ucl.cas.cz/Record/b0000003214113$ychapter of: Rozrywka w mediach, Łódź: Wydawnictwo Primum Verbum 2012
=902  \\$a170219$c141024$dm$eb$f-$g0
=909  \\$ab000003232876x
=916  \\$aMaćkowiak, Anna   (1988- )
=921  2\$aUniwersytet Łódzki
=955  \7$aProgram radiowy$xhistoria$zPolska$y21 w.$2DBN
=955  \7$aSatyra polska$xhistoria$y21 w.$2DBN
=980  \\$aArtykuły
=995  \\$aPolska Bibliografia Literacka$bPBL 2013-2020: rozdziały książek
=996  \\$a.b3232876x$9local
=998  \\$ao$av$9local
=999  \\$aDBNd$bjka
=999  \\$azk$bil

