=LDR  01595naa a2200445 i 4500
=001  b0000003234254
=005  20200501071334.4
=008  141027s2014\\\\pl\\\\\\\\\\\|000\0\pol\\
=009  991029939429705066
=035  \\$a(EXLNZ-48OMNIS_NETWORK)9910022069105606
=035  \\$a(OCoLC)899864933
=035  \\$a(PL)b0000003234254
=035  \\$a(PL-WaBN)b32342548-48omnis_nlop
=035  \\$a991029939429705066
=035  \\$ab32342548
=040  \\$aWA N$cWA N
=041  0\$apol$bger
=100  1\$aSroka, Anna
=245  10$aCarl Hauptmann - człowiek i twórca /$cAnna Sroka.
=260  \\$c2014.
=336  \\$aTekst$btxt$2rdacontent
=337  \\$aBez urządzenia pośredniczącego$bn$2rdamedia
=338  \\$aWolumin$bnc$2rdacarrier
=380  \\$aArtykuły
=504  \\$aBibliogr. s. 39-40.
=546  \\$aStreszcz. niem.
=600  17$aHauptmann, Carl$d(1858-1921)$2DBN$1http://viaf.org/viaf/29662650
=648  \7$a1801-1900$2DBN
=648  \7$a1901-2000$2DBN
=650  \7$aPisarze niemieccy$y19-20 w.$2DBN
=773  0\$iW:$t"I znów błyszczą moje góry..." : szkice o Carlu Hauptmannie,$gs. 13-40
=856  42$uhttp://libri.ucl.cas.cz/Record/b0000003211410$ychapter of: "I znów błyszczą moje góry" : szkice o Carlu Hauptmannie, Włocławek: Wydawnictwo Państwowej Wyższej Szkoły Zawodowej 2014
=902  \\$a170219$c141027$dm$eb$f-$g0
=909  \\$ab0000032342548
=916  \\$aSroka, Anna
=980  \\$aArtykuły
=995  \\$aPolska Bibliografia Literacka$bPBL 2013-2020: rozdziały książek
=996  \\$a.b32342548$9local
=998  \\$ao$av$9local
=999  \\$azk$bkwp

