=LDR  01825naa a2200469 i 4500
=001  b0000003234268
=005  20200501071345.2
=008  141027s2014\\\\pl\\\\\\\\\\\|000\0\pol\\
=009  991029939959705066
=035  \\$a(EXLNZ-48OMNIS_NETWORK)9910059841805606
=035  \\$a(OCoLC)899864994
=035  \\$a(PL)b0000003234268
=035  \\$a(PL-WaBN)b32342688-48omnis_nlop
=035  \\$a991029939959705066
=035  \\$ab32342688
=040  \\$aWA N$cWA N
=041  0\$apol$bger
=100  1\$aSzewczyk, Grażyna$d(1945- )$1http://viaf.org/viaf/69010467
=245  10$aPoetyckie wędrówki Carla Hauptmanna w czasie i przestrzeni /$cGrażyna Barbara Szewczyk.
=260  \\$c2014.
=336  \\$aTekst$btxt$2rdacontent
=337  \\$aBez urządzenia pośredniczącego$bn$2rdamedia
=338  \\$aWolumin$bnc$2rdacarrier
=380  \\$iMajor genre$aLiterature$leng
=380  \\$aArtykuły
=381  \\$iMajor genre$aLyrical poetry$leng
=546  \\$aStreszcz. niem.
=600  17$aHauptmann, Carl$d(1858-1921)$2DBN$1http://viaf.org/viaf/29662650
=648  \7$a1801-1900$2DBN
=648  \7$a1901-2000$2DBN
=655  \7$aPoezja niemiecka$xhistoria$y19-20 w.$2DBN
=773  0\$iW:$t"I znów błyszczą moje góry..." : szkice o Carlu Hauptmannie,$gs. 41-56
=856  42$uhttp://libri.ucl.cas.cz/Record/b0000003211410$ychapter of: "I znów błyszczą moje góry" : szkice o Carlu Hauptmannie, Włocławek: Wydawnictwo Państwowej Wyższej Szkoły Zawodowej 2014
=902  \\$a170219$c141027$dm$eb$f-$g0
=909  \\$ab0000032342688
=916  \\$aSzewczyk, Grażyna   (1945- )
=955  \7$aPoezja niemiecka$xhistoria$y19-20 w.$2DBN
=980  \\$aArtykuły
=995  \\$aPolska Bibliografia Literacka$bPBL 2013-2020: rozdziały książek
=996  \\$a.b32342688$9local
=998  \\$ao$av$9local
=999  \\$azk$bkwp

