=LDR  01869naa a2200481 i 4500
=001  b0000003234277
=005  20200502060031.7
=008  141027s2014\\\\pl\\\\\\\\\\\|000\0\pol\\
=009  991029940319705066
=035  \\$a(EXLNZ-48OMNIS_NETWORK)9910476561705606
=035  \\$a(OCoLC)899864709
=035  \\$a(PL)b0000003234277
=035  \\$a(PL-WaBN)b32342779-48omnis_nlop
=035  \\$a991029940319705066
=035  \\$ab32342779
=040  \\$aWA N$cWA N
=041  0\$apol$bger
=100  1\$aBączkowicz, Beata
=245  10$aPrzestrzeń i czas jako komponenty obrazu świata w utworach krótkiej prozy Carla Hauptmanna /$cBeata Bączkowicz.
=260  \\$c2014.
=336  \\$aTekst$btxt$2rdacontent
=337  \\$aBez urządzenia pośredniczącego$bn$2rdamedia
=338  \\$aWolumin$bnc$2rdacarrier
=380  \\$iMajor genre$aLiterature$leng
=380  \\$aArtykuły
=381  \\$iMajor genre$aFiction$leng
=546  \\$aStreszcz. niem.
=600  17$aHauptmann, Carl$d(1858-1921)$2DBN$1http://viaf.org/viaf/29662650
=648  \7$a1801-1900$2DBN
=650  \7$aCzas$xw literaturze niemieckiej$2DBN
=650  \7$aPrzestrzeń$xw literaturze niemieckiej$2DBN
=655  \7$aProza niemiecka$xtematyka$y19 w.$2DBN
=773  0\$iW:$t"I znów błyszczą moje góry..." : szkice o Carlu Hauptmannie,$gs. 57-74
=856  42$uhttp://libri.ucl.cas.cz/Record/b0000003211410$ychapter of: "I znów błyszczą moje góry" : szkice o Carlu Hauptmannie, Włocławek: Wydawnictwo Państwowej Wyższej Szkoły Zawodowej 2014
=902  \\$a170219$c141027$dm$eb$f-$g0
=909  \\$ab0000032342779
=916  \\$aBączkowicz, Beata
=955  \7$aProza niemiecka$xtematyka$y19 w.$2DBN
=980  \\$aArtykuły
=995  \\$aPolska Bibliografia Literacka$bPBL 2013-2020: rozdziały książek
=996  \\$a.b32342779$9local
=998  \\$ao$av$9local
=999  \\$azk$bkwp$cil

