=LDR  01743naa a2200457 i 4500
=001  b0000003234288
=005  20200502060046.7
=008  141027s2014\\\\pl\\\\\\\\\\\|000\0\pol\\
=009  991029940749705066
=035  \\$a(EXLNZ-48OMNIS_NETWORK)9910467455305606
=035  \\$a(OCoLC)899865063
=035  \\$a(PL)b0000003234288
=035  \\$a(PL-WaBN)b32342883-48omnis_nlop
=035  \\$a991029940749705066
=035  \\$ab32342883
=040  \\$aWA N$cWA N
=041  0\$apol$bger
=100  1\$aRynkowska, Monika
=245  10$aJózefa Kodis partnerka intelektualna Carla Hauptmanna /$cMonika Rynkowska.
=260  \\$c2014.
=336  \\$aTekst$btxt$2rdacontent
=337  \\$aBez urządzenia pośredniczącego$bn$2rdamedia
=338  \\$aWolumin$bnc$2rdacarrier
=380  \\$aArtykuły
=546  \\$aStreszcz. niem.
=600  17$aHauptmann, Carl$d(1858-1921)$2DBN$1http://viaf.org/viaf/29662650
=600  17$aKodisowa, Józefa Fabianna$d(1865-1940)$2DBN$1http://viaf.org/viaf/166712679
=648  \7$a1801-1900$2DBN
=648  \7$a1901-2000$2DBN
=650  \7$aFilozofowie$zPolska$y19-20 w.$2DBN
=650  \7$aPisarze niemieccy$y19-20 w.$2DBN
=773  0\$iW:$t"I znów błyszczą moje góry..." : szkice o Carlu Hauptmannie,$gs. 75-97
=856  42$uhttp://libri.ucl.cas.cz/Record/b0000003211410$ychapter of: "I znów błyszczą moje góry" : szkice o Carlu Hauptmannie, Włocławek: Wydawnictwo Państwowej Wyższej Szkoły Zawodowej 2014
=902  \\$a170219$c141027$dm$eb$f-$g0
=909  \\$ab0000032342883
=916  \\$aRynkowska, Monika
=980  \\$aArtykuły
=995  \\$aPolska Bibliografia Literacka$bPBL 2013-2020: rozdziały książek
=996  \\$a.b32342883$9local
=998  \\$ao$av$9local
=999  \\$azk$bkwp$cil

