=LDR  02097naa a2200505 i 4500
=001  b0000003234303
=005  20200501071420.0
=008  141027s2014\\\\pl\\\\\\\\\\\|000\0\pol\\
=009  991029941319705066
=035  \\$a(EXLNZ-48OMNIS_NETWORK)9910152098705606
=035  \\$a(OCoLC)899865100
=035  \\$a(PL)b0000003234303
=035  \\$a(PL-WaBN)b32343036-48omnis_nlop
=035  \\$a991029941319705066
=035  \\$ab32343036
=040  \\$aWA N$cWA N
=041  0\$apol$bger
=100  1\$aKuczyński, Krzysztof A$d(1948- )$1http://viaf.org/viaf/64056948
=245  10$aAmerykańskie tournée literackie Carla Hauptmanna w 1908 roku :$bzapomniany reportaż "New Yorker Staatszeitung" /$cKrzysztof A. Kuczyński.
=260  \\$c2014.
=336  \\$aTekst$btxt$2rdacontent
=337  \\$aBez urządzenia pośredniczącego$bn$2rdamedia
=338  \\$aWolumin$bnc$2rdacarrier
=380  \\$aArtykuły
=546  \\$aStreszcz. niem.
=600  17$aHauptmann, Carl$d(1858-1921)$2DBN$1http://viaf.org/viaf/29662650
=648  \7$a1801-1900$2DBN
=648  \7$a1901-1914$2DBN
=648  \7$a1901-2000$2DBN
=650  \7$aLiteratura niemiecka$xhistoria$y19-20 w.$2DBN
=650  \7$aGerman literature$2ELB-n
=655  \7$aCzasopisma niemieckie$xhistoria$zStany Zjednoczone$2DBN
=655  \7$aPublicystyka niemiecka$xtematyka$y1901-1914 r.$2DBN
=773  0\$iW:$t"I znów błyszczą moje góry..." : szkice o Carlu Hauptmannie,$gs. 111-126
=856  42$uhttp://libri.ucl.cas.cz/Record/b0000003211410$ychapter of: "I znów błyszczą moje góry" : szkice o Carlu Hauptmannie, Włocławek: Wydawnictwo Państwowej Wyższej Szkoły Zawodowej 2014
=902  \\$a171127$c141027$dm$eb$f-$g0
=909  \\$ab0000032343036
=916  \\$aKuczyński, Krzysztof Antoni   (1948- )
=955  \7$aCzasopisma niemieckie$xhistoria$zStany Zjednoczone$2DBN
=955  \7$aPublicystyka niemiecka$xtematyka$y1901-1914 r.$2DBN
=980  \\$aArtykuły
=995  \\$aPolska Bibliografia Literacka$bPBL 2013-2020: rozdziały książek
=996  \\$a.b32343036$9local
=998  \\$ao$av$9local
=999  \\$azk$bkwp

