=LDR  01856naa a2200469 i 4500
=001  b0000003234308
=005  20200502060041.5
=008  141027s2014\\\\pl\\\\\\\\\\\|000\0\pol\\
=009  991029941519705066
=035  \\$a(EXLNZ-48OMNIS_NETWORK)9910463470905606
=035  \\$a(OCoLC)899864949
=035  \\$a(PL)b0000003234308
=035  \\$a(PL-WaBN)b32343085-48omnis_nlop
=035  \\$a991029941519705066
=035  \\$ab32343085
=040  \\$aWA N$cWA N
=041  0\$apol$bger
=100  1\$aMackiewicz, Mirosław
=245  10$aCarl Hauptmann na łamach niemieckich czasopism górnośląskich do roku 1939 :$bwstęp do zagadnienia /$cMirosław Mackiewicz.
=336  \\$aTekst$btxt$2rdacontent
=337  \\$aBez urządzenia pośredniczącego$bn$2rdamedia
=338  \\$aWolumin$bnc$2rdacarrier
=380  \\$aArtykuły
=546  \\$aStreszcz. niem.
=600  17$aHauptmann, Carl$d(1858-1921)$2DBN$1http://viaf.org/viaf/29662650
=648  \7$a1801-1900$2DBN
=648  \7$a1901-1914$2DBN
=648  \7$a1901-2000$2DBN
=650  \7$aLiteratura niemiecka$xhistoria$y19-20 w.$2DBN
=650  \7$aGerman literature$2ELB-n
=655  \7$aPublicystyka niemiecka$xtematyka$y1901-1914 r.$2DBN
=773  0\$iW:$t"I znów błyszczą moje góry..." : szkice o Carlu Hauptmannie,$gs. 127-150
=856  42$uhttp://libri.ucl.cas.cz/Record/b0000003211410$ychapter of: "I znów błyszczą moje góry" : szkice o Carlu Hauptmannie, Włocławek: Wydawnictwo Państwowej Wyższej Szkoły Zawodowej 2014
=902  \\$a171127$c141027$dm$eb$f-$g0
=909  \\$ab0000032343085
=916  \\$aMackiewicz, Mirosław
=955  \7$aPublicystyka niemiecka$xtematyka$y1901-1914 r.$2DBN
=980  \\$aArtykuły
=995  \\$aPolska Bibliografia Literacka$bPBL 2013-2020: rozdziały książek
=996  \\$a.b32343085$9local
=998  \\$ao$av$9local
=999  \\$azk$bkwp

