=LDR  01935naa a2200505 i 4500
=001  b0000003234325
=005  20201119054501.7
=008  141027s2014\\\\pl\\\\\\\\\\\|000\0\pol\\
=009  991029942179705066
=035  \\$a(EXLNZ-48OMNIS_NETWORK)9910075492505606
=035  \\$a(OCoLC)899865084
=035  \\$a(PL)b0000003234325
=035  \\$a(PL-WaBN)b32343255-48omnis_nlop
=035  \\$a991029942179705066
=035  \\$ab32343255
=040  \\$aWA N$cWA N$dWA N
=041  0\$apol$bger
=100  1\$aWiater, Przemysław$d(1958-2020)$1http://viaf.org/viaf/85493529
=245  10$aWill-Erich Peuckert a Carl Hauptmann /$cPrzemysław Wiater.
=260  \\$c2014.
=336  \\$aTekst$btxt$2rdacontent
=337  \\$aBez urządzenia pośredniczącego$bn$2rdamedia
=338  \\$aWolumin$bnc$2rdacarrier
=380  \\$iMajor genre$aLiterature$leng
=380  \\$aArtykuły
=381  \\$iMajor genre$aOther$leng
=546  \\$aStreszcz. niem.
=600  17$aHauptmann, Carl$d(1858-1921)$2DBN$1http://viaf.org/viaf/29662650
=600  17$aPeuckert, Will-Erich$d(1895-1969)$2DBN$1http://viaf.org/viaf/59161185
=648  \7$a1801-1900$2DBN
=648  \7$a1901-2000$2DBN
=650  \7$aEtnografowie$zNiemcy$y20 w.$2DBN
=650  \7$aPisarze niemieccy$y19-20 w.$2DBN
=655  \7$aBiografia$2DBN
=773  0\$iW:$t"I znów błyszczą moje góry..." : szkice o Carlu Hauptmannie,$gs. 151-168
=856  42$uhttp://libri.ucl.cas.cz/Record/b0000003211410$ychapter of: "I znów błyszczą moje góry" : szkice o Carlu Hauptmannie, Włocławek: Wydawnictwo Państwowej Wyższej Szkoły Zawodowej 2014
=902  \\$a170219$c141027$dm$eb$f-$g0
=909  \\$ab0000032343255
=916  \\$aWiater, Przemysław   (1958-2020)
=955  \7$aBiografia$2DBN
=980  \\$aArtykuły
=995  \\$aPolska Bibliografia Literacka$bPBL 2013-2020: rozdziały książek
=996  \\$a.b32343255$9local
=998  \\$ao$av$9local
=999  \\$azk$bkwp$cil

