=LDR  01925naa a2200493 i 4500
=001  b0000003234759
=005  20200502060014.2
=008  141028s2013\\\\pl\\\\\\\\\\\|000\0\pol\\
=009  991029959429705066
=035  \\$a(EXLNZ-48OMNIS_NETWORK)9910418793105606
=035  \\$a(OCoLC)899866830
=035  \\$a(PL)b0000003234759
=035  \\$a(PL-WaBN)b32347595-48omnis_nlop
=035  \\$a991029959429705066
=035  \\$ab32347595
=040  \\$aWA N$cWA N
=100  1\$aMichalska-Bracha, Lidia
=245  10$aO losach kobiet na zesłaniu po powstaniu styczniowym utrwalonych na kartach wspomnień i listów /$cLidia Michalska-Bracha.
=260  \\$c2013.
=336  \\$aTekst$btxt$2rdacontent
=337  \\$aBez urządzenia pośredniczącego$bn$2rdamedia
=338  \\$aWolumin$bnc$2rdacarrier
=380  \\$iMajor genre$aLiterature$leng
=380  \\$aArtykuły
=381  \\$iMajor genre$aOther$leng
=648  \7$a1801-1900$2DBN
=650  \7$aKobieta$zPolska$y19 w.$2DBN
=650  \7$aPowstanie styczniowe (1863-1864)$2DBN
=650  \7$aWięźniowie polityczni$zPolska$y19 w.$2DBN
=650  \7$aZesłania$zRosja$y19 w.$2DBN
=655  \7$aListy polskie$xhistoria$y19 w.$2DBN
=655  \7$aPamiętniki polskie$xhistoria$y19 w.$2DBN
=773  0\$iW:$tPolska w XIX i XX wieku : społeczeństwo i gospodarka,$gs. 287-294
=856  42$uhttp://libri.ucl.cas.cz/Record/b0000003206279$ychapter of: Polska w XIX i XX wieku : społeczeństwo i gospodarka, Kielce: Wydawnictwo Uniwersytetu Jana Kochanowskiego 2013
=902  \\$a180312$c141028$dm$eb$f-$g0
=909  \\$ab0000032347595
=916  \\$aMichalska-Bracha, Lidia
=955  \7$aListy polskie$xhistoria$y19 w.$2DBN
=955  \7$aPamiętniki polskie$xhistoria$y19 w.$2DBN
=980  \\$aArtykuły
=995  \\$aPolska Bibliografia Literacka$bPBL 2013-2020: rozdziały książek
=996  \\$a.b32347595$9local
=998  \\$ao$av$9local
=999  \\$azk$bpa$cbp

