=LDR  01613naa a2200421 i 4500
=001  b0000003235169
=005  20200501071435.0
=008  141028s2010\\\\xxu\\\\\\\\\\|000\e\eng\\
=009  991029975569705066
=035  \\$a(EXLNZ-48OMNIS_NETWORK)9910101535305606
=035  \\$a(OCoLC)1008649857
=035  \\$a(PL)b0000003235169
=035  \\$a(PL-WaBN)b32351690-48omnis_nlop
=035  \\$a991029975569705066
=035  \\$ab32351690
=040  \\$aWA N$cWA N
=100  1\$aRosenthal, Mira
=245  14$aThe self made strange :$bon translating Tomasz Różycki's "Iterations" /$cMira Rosenthal.
=260  \\$c2010.
=336  \\$aTekst$btxt$2rdacontent
=337  \\$aBez urządzenia pośredniczącego$bn$2rdamedia
=338  \\$aWolumin$bnc$2rdacarrier
=380  \\$iMajor genre$aLiterature$leng
=380  \\$aArtykuły
=381  \\$iMajor genre$aLyrical poetry$leng
=600  17$aRóżycki, Tomasz$d(1970- )$2DBN$1http://viaf.org/viaf/102005875
=655  \7$aPoezja polska$xprzekłady amerykańskie$2DBN
=773  0\$iW:$tMentor and muse : essays from poets to poets,$gs.53-57
=856  42$uhttp://libri.ucl.cas.cz/Record/b0000003197674$ychapter of: Mentor and muse : essays from poets to poets, Carbondale, Edwardsville: Southern Illinois University Press 2010
=902  \\$a180302$c141028$dm$eb$f-$g4
=909  \\$ab0000032351690
=916  \\$aRosenthal, Mira
=955  \7$aPoezja polska$xprzekłady amerykańskie$2DBN
=980  \\$aArtykuły
=995  \\$aPolska Bibliografia Literacka$bPBL 2013-2020: rozdziały książek
=996  \\$a.b32351690$9local
=998  \\$ao$9local
=999  \\$apz$bjcn

