=LDR  01841naa a2200445 i 4500
=001  b0000003236984
=005  20200603053034.3
=008  141029s2014\\\\pl\a\\\\\\\\\|100\0\pol\\
=009  991030047889705066
=035  \\$a(EXLNZ-48OMNIS_NETWORK)9910118507005606
=035  \\$a(OCoLC)899873497
=035  \\$a(PL)b0000003236984
=035  \\$a(PL-WaBN)b32369840-48omnis_nlop
=035  \\$a991030047889705066
=035  \\$ab32369840
=040  \\$aWA N$cWA N$dKR U$dWA N
=100  1\$aPartyka, Magdalena$c(literaturoznawca)
=245  10$aPierwiastek osobisty w oświeceniowych dziennikach podróży /$cMagdalena Partyka ; Uniwersytet Kardynała Stefana Wyszyńskiego w Warszawie.
=260  \\$c2014.
=336  \\$aTekst$btxt$2rdacontent
=337  \\$aBez urządzenia pośredniczącego$bn$2rdamedia
=338  \\$aWolumin$bnc$2rdacarrier
=380  \\$iMajor genre$aLiterature$leng
=380  \\$aArtykuły
=381  \\$iMajor genre$aOther$leng
=648  \7$a1701-1800$2DBN
=655  \7$aLiteratura podróżnicza polska$xhistoria$y18 w.$2DBN
=710  2\$aUniwersytet Kardynała Stefana Wyszyńskiego (Warszawa)$4oth
=773  0\$iW:$tPolski Grand Tour w XVIII i początkach XIX wieku,$gs. 109-130
=856  42$uhttp://libri.ucl.cas.cz/Record/b0000003223305$ychapter of: Polski Grand Tour w XVIII i początkach XIX wieku, Warszawa: Muzeum Pałacu Króla Jana III w Wilanowie 2014
=902  \\$a170724$c141029$dm$eb$f-$g0
=909  \\$ab0000032369840
=916  \\$aPartyka, Magdalena  (literaturoznawca)
=921  2\$aUniwersytet Kardynała Stefana Wyszyńskiego (Warszawa)
=955  \7$aLiteratura podróżnicza polska$xhistoria$y18 w.$2DBN
=980  \\$aArtykuły
=995  \\$aPolska Bibliografia Literacka$bPBL 2013-2020: rozdziały książek
=996  \\$a.b32369840$9local
=998  \\$ao$av$9local
=999  \\$azk$bkwp$cil

