=LDR  01907naa a2200481 i 4500
=001  b0000003237042
=005  20200502060017.4
=008  141029s2014\\\\pl\a\\\\\\\\\|000\0\pol\\
=009  991030050199705066
=035  \\$a(EXLNZ-48OMNIS_NETWORK)9910422678905606
=035  \\$a(OCoLC)899873702
=035  \\$a(PL)b0000003237042
=035  \\$a(PL-WaBN)b32370428-48omnis_nlop
=035  \\$a991030050199705066
=035  \\$ab32370428
=040  \\$aWA N$cWA N
=100  1\$aMazurkowa, Bożena
=245  10$aNowy grand tour w świetle Mes voyages Walerii Tarnowskiej /$cBożena Mazurkowa ; Uniwersytet Śląski w Katowicach.
=260  \\$c2014.
=336  \\$aTekst$btxt$2rdacontent
=337  \\$aBez urządzenia pośredniczącego$bn$2rdamedia
=338  \\$aWolumin$bnc$2rdacarrier
=380  \\$iMajor genre$aLiterature$leng
=380  \\$aArtykuły
=381  \\$iMajor genre$aOther$leng
=600  17$aTarnowska, Waleria$d(1782-1849)$2DBN$1http://viaf.org/viaf/9111650
=648  \7$a1701-1800$2DBN
=655  \7$aLiteratura kobieca$xhistoria$zPolska$y18 w.$2DBN
=655  \7$aLiteratura podróżnicza polska$xhistoria$y18 w.$2DBN
=710  2\$aUniwersytet Śląski$4oth
=773  0\$iW:$tPolski Grand Tour w XVIII i początkach XIX wieku,$gs. 151-182
=856  42$uhttp://libri.ucl.cas.cz/Record/b0000003223305$ychapter of: Polski Grand Tour w XVIII i początkach XIX wieku, Warszawa: Muzeum Pałacu Króla Jana III w Wilanowie 2014
=902  \\$a170219$c141029$dm$eb$f-$g0
=909  \\$ab0000032370428
=916  \\$aMazurkowa, Bożena
=921  2\$aUniwersytet Śląski
=955  \7$aLiteratura kobieca$xhistoria$zPolska$y18 w.$2DBN
=955  \7$aLiteratura podróżnicza polska$xhistoria$y18 w.$2DBN
=980  \\$aArtykuły
=995  \\$aPolska Bibliografia Literacka$bPBL 2013-2020: rozdziały książek
=996  \\$a.b32370428$9local
=998  \\$ao$av$9local
=999  \\$azk$bkwp$cil

