=LDR  01901naa a2200469 i 4500
=001  b0000003237055
=005  20200502060045.7
=008  141029s2014\\\\pl\a\\\\\\\\\|100\0\pol\\
=009  991030050739705066
=035  \\$a(EXLNZ-48OMNIS_NETWORK)9910465303605606
=035  \\$a(OCoLC)899873758
=035  \\$a(PL)b0000003237055
=035  \\$a(PL-WaBN)b32370556-48omnis_nlop
=035  \\$a991030050739705066
=035  \\$ab32370556
=040  \\$aWA N$cWA N
=100  1\$aJagiełło-Jakubaszek, Katarzyna
=245  10$aPortrety polskich dam jako pamiątka ich wielkiej podróży /$cKatarzyna Jagiełło-Jakubaszek ; Instytut Sztuki PAN w Warszawie.
=260  \\$c2014.
=336  \\$aTekst$btxt$2rdacontent
=337  \\$aBez urządzenia pośredniczącego$bn$2rdamedia
=338  \\$aWolumin$bnc$2rdacarrier
=380  \\$iMajor genre$aLiterature$leng
=380  \\$aArtykuły
=381  \\$iMajor genre$aOther$leng
=648  \7$a1701-1800$2DBN
=655  \7$aLiteratura kobieca$xhistoria$zPolska$y18 w.$2DBN
=655  \7$aLiteratura podróżnicza polska$xhistoria$y18 w.$2DBN
=710  2\$aInstytut Sztuki (Polska Akademia Nauk)$4oth
=773  0\$iW:$tPolski Grand Tour w XVIII i początkach XIX wieku,$gs. 185-198
=856  42$uhttp://libri.ucl.cas.cz/Record/b0000003223305$ychapter of: Polski Grand Tour w XVIII i początkach XIX wieku, Warszawa: Muzeum Pałacu Króla Jana III w Wilanowie 2014
=902  \\$a170219$c141029$dm$eb$f-$g0
=909  \\$ab0000032370556
=916  \\$aJagiełło-Jakubaszek, Katarzyna
=921  2\$aInstytut Sztuki (Polska Akademia Nauk)
=955  \7$aLiteratura kobieca$xhistoria$zPolska$y18 w.$2DBN
=955  \7$aLiteratura podróżnicza polska$xhistoria$y18 w.$2DBN
=980  \\$aArtykuły
=995  \\$aPolska Bibliografia Literacka$bPBL 2013-2020: rozdziały książek
=996  \\$a.b32370556$9local
=998  \\$ao$av$9local
=999  \\$azk$bkwp$cbp

