=LDR  01879naa a2200481 i 4500
=001  b0000003237165
=005  20200501071338.2
=008  141029s2014\\\\pl\a\\\\\\\\\|100\0\pol\\
=009  991030054939705066
=035  \\$a(EXLNZ-48OMNIS_NETWORK)9910166899005606
=035  \\$a(OCoLC)899874104
=035  \\$a(PL)b0000003237165
=035  \\$a(PL-WaBN)b32371652-48omnis_nlop
=035  \\$a991030054939705066
=035  \\$ab32371652
=040  \\$aWA N$cWA N
=100  1\$aRok, Bogdan$d(1947- )$1http://viaf.org/viaf/62671
=245  10$aRzym papieski w relacjach Polaków XVIII wieku /$cBogdan Rok ; Uniwersytet Wrocławski.
=260  \\$c2014.
=336  \\$aTekst$btxt$2rdacontent
=337  \\$aBez urządzenia pośredniczącego$bn$2rdamedia
=338  \\$aWolumin$bnc$2rdacarrier
=380  \\$iMajor genre$aLiterature$leng
=380  \\$aArtykuły
=381  \\$iMajor genre$aOther$leng
=648  \7$a1701-1800$2DBN
=650  \7$aPodróżnictwo$zPolska$y18 w.$2DBN
=651  \7$aRzym (Włochy)$xw literaturze polskiej.$2DBN
=655  \7$aLiteratura podróżnicza polska$xtematyka$y18 w.$2DBN
=710  2\$aUniwersytet Wrocławski$4oth
=773  0\$iW:$tPolski Grand Tour w XVIII i początkach XIX wieku,$gs. 313-332
=856  42$uhttp://libri.ucl.cas.cz/Record/b0000003223305$ychapter of: Polski Grand Tour w XVIII i początkach XIX wieku, Warszawa: Muzeum Pałacu Króla Jana III w Wilanowie 2014
=902  \\$a170219$c141029$dm$eb$f-$g0
=909  \\$ab0000032371652
=916  \\$aRok, Bogdan   (1947- )
=921  2\$aUniwersytet Wrocławski
=951  \7$aRzym (Włochy)$xw literaturze polskiej.$2DBN
=955  \7$aLiteratura podróżnicza polska$xtematyka$y18 w.$2DBN
=980  \\$aArtykuły
=995  \\$aPolska Bibliografia Literacka$bPBL 2013-2020: rozdziały książek
=996  \\$a.b32371652$9local
=998  \\$ao$av$9local
=999  \\$azk$bkwp$cbp

