=LDR  01901naa a2200469 i 4500
=001  b0000003237179
=005  20200501071317.7
=008  141029s2011\\\\xxua\\\\\\\\\\000\0\eng\\
=009  991030055489705066
=035  \\$a(EXLNZ-48OMNIS_NETWORK)9910090933705606
=035  \\$a(OCoLC)899873886
=035  \\$a(PL)b0000003237179
=035  \\$a(PL-WaBN)b32371792-48omnis_nlop
=035  \\$a991030055489705066
=035  \\$ab32371792
=040  \\$aWA N$cWA N
=100  1\$aSikorska, Magdalena$c(filolog)
=245  10$aNo consonance, no consolation :$bJohn Burningham's Time to get out of the bath, Shirley /$cMagdalena Sikorska.
=260  \\$c2011.
=336  \\$aTekst$btxt$2rdacontent
=337  \\$aBez urządzenia pośredniczącego$bn$2rdamedia
=338  \\$aWolumin$bnc$2rdacarrier
=380  \\$iMajor genre$aLiterature$leng
=380  \\$aArtykuły
=381  \\$iMajor genre$aOther$leng
=504  \\$aBibliogr. s. 99.
=600  17$aBurningham, John$d(1936- ).$tTime to get out of the bath, Shirley$2DBN
=650  \7$aNarracja$2DBN
=655  \7$aLiteratura dla dzieci$xteoria$2DBN
=655  \7$aLiteratura dziecięca angielska$xhistoria$yod 1945 r.$2DBN
=773  0\$iW:$tTelling children's stories : narrative theory and children's literature,$gs. 86-99
=856  42$uhttp://libri.ucl.cas.cz/Record/b0000003199948$ychapter of: Telling children's stories : narrative theory and children's literature, Lincoln, London: University of Nebraska Press 2010
=902  \\$a170219$c141029$dm$eb$f-$g0
=909  \\$ab0000032371792
=916  \\$aSikorska, Magdalena  (filolog)
=955  \7$aLiteratura dla dzieci$xteoria$2DBN
=955  \7$aLiteratura dziecięca angielska$xhistoria$yod 1945 r.$2DBN
=980  \\$aArtykuły
=995  \\$aPolska Bibliografia Literacka$bPBL 2013-2020: rozdziały książek
=996  \\$a.b32371792$9local
=998  \\$ao$av$9local
=999  \\$apz$bms$cJHPmw

