=LDR  01773naa a2200457 i 4500
=001  b0000003239615
=005  20200502060053.9
=008  141030s2014\\\\pl\\\\\\\\\\\|000\0\pol\\
=009  991030150929705066
=035  \\$a(EXLNZ-48OMNIS_NETWORK)9910203650005606
=035  \\$a(OCoLC)899882739
=035  \\$a(PL)b0000003239615
=035  \\$a(PL-WaBN)b32396156-48omnis_nlop
=035  \\$a991030150929705066
=035  \\$ab32396156
=040  \\$aWA N$cWA N
=100  1\$aŻołądź, Piotr
=245  10$aKonik i Gwiazdooka :$bjednorożce w cyklu wiedźmińskim Andrzeja Sapkowskiego /$cPiotr Żołądź.
=260  \\$c2014.
=336  \\$aTekst$btxt$2rdacontent
=337  \\$aBez urządzenia pośredniczącego$bn$2rdamedia
=338  \\$aWolumin$bnc$2rdacarrier
=380  \\$iMajor genre$aLiterature$leng
=380  \\$aArtykuły
=381  \\$iMajor genre$aFiction$leng
=648  \7$a1901-2000$2DBN
=650  \7$aJednorożec (stworzenie fantastyczne)$2DBN
=650  \7$aZwierzęta baśniowe i mityczne$xw literaturze polskiej$2DBN
=650  \7$aFairy tale$2ELB-g
=655  \7$aPowieść polska$xtematyka$y20 w.$2DBN
=773  0\$iW:$tWyobraźnia, pamięć, tożsamość : studia, szkice, interpretacje,$gs. 5-16
=856  42$uhttp://libri.ucl.cas.cz/Record/b0000003225724$ychapter of: Wyobraźnia, pamięć, tożsamość : studia, szkice, interpretacje, Tarnów: Wydawnictwo Państwowej Wyższej Szkoły Zawodowej 2014
=902  \\$a170707$c141030$dm$eb$f-$g0
=909  \\$ab0000032396156
=916  \\$aŻołądź, Piotr
=955  \7$aPowieść polska$xtematyka$y20 w.$2DBN
=980  \\$aArtykuły
=995  \\$aPolska Bibliografia Literacka$bPBL 2013-2020: rozdziały książek
=996  \\$a.b32396156$9local
=998  \\$ao$av$9local
=999  \\$azk$bma

