=LDR  01729naa a2200469 i 4500
=001  b0000003240609
=005  20200502060041.5
=008  141031s2010\\\\xxk\\\\\\\\\\\000\0\eng\\
=009  991030190119705066
=035  \\$a(EXLNZ-48OMNIS_NETWORK)9910309250905606
=035  \\$a(OCoLC)899885783
=035  \\$a(PL)b0000003240609
=035  \\$a(PL-WaBN)b32406095-48omnis_nlop
=035  \\$a991030190119705066
=035  \\$ab32406095
=040  \\$aWA N$cWA N
=100  1\$aPartyga, Ewa
=245  10$aStorytelling in William Butler Yeats's poetic drama /$cEwa Partyga.
=260  \\$c2010.
=336  \\$aTekst$btxt$2rdacontent
=337  \\$aBez urządzenia pośredniczącego$bn$2rdamedia
=338  \\$aWolumin$bnc$2rdacarrier
=380  \\$iMajor genre$aLiterature$leng
=380  \\$aArtykuły
=381  \\$iMajor genre$aDrama$leng
=504  \\$aBibliogr. s. 43-44.
=600  17$aYeats, W. B.$d(1865-1939)$2DBN$1http://viaf.org/viaf/46768718/
=648  \7$a1901-2000$2DBN
=650  \7$aNarracja$2DBN
=650  \7$aTeatr$2DBN
=655  \7$aDramat irlandzki$xhistoria$y20 w.$2DBN
=773  0\$iW:$tWorlds in words : storytelling in contemporary theatre and playwriting,$gs. 30-44
=856  42$uhttp://libri.ucl.cas.cz/Record/b0000003202878$ychapter of: Worlds in words : storytelling in contemporary theatre and playwriting, Newcastle upon Tyne: Cambridge Scholars Publishing 2010
=902  \\$a170219$c141031$dm$eb$f-$g0
=909  \\$ab0000032406095
=916  \\$aPartyga, Ewa
=955  \7$aDramat irlandzki$xhistoria$y20 w.$2DBN
=980  \\$aArtykuły
=995  \\$aPolska Bibliografia Literacka$bPBL 2013-2020: rozdziały książek
=996  \\$a.b32406095$9local
=998  \\$ao$av$9local
=999  \\$apz$bkp

