=LDR  01821naa a2200445 i 4500
=001  b0000003240627
=005  20200502060142.9
=008  141031s2010\\\\xxk\\\\\\\\\\\000\0\eng\\
=009  991030190809705066
=035  \\$a(EXLNZ-48OMNIS_NETWORK)9910050962405606
=035  \\$a(OCoLC)899885956
=035  \\$a(PL)b0000003240627
=035  \\$a(PL-WaBN)b32406277-48omnis_nlop
=035  \\$a991030190809705066
=035  \\$ab32406277
=040  \\$aWA N$cWA N
=100  1\$aBorowski, Mateusz
=245  10$a"It's not happening here, in front of my eyes" :$bmimesis found in Jean-Luc Lagarce's storytelling theatre in the context of the 20th-century developments in drama /$cMateusz Borowski and Małgorzata Sugiera.
=260  \\$c2010.
=336  \\$aTekst$btxt$2rdacontent
=337  \\$aBez urządzenia pośredniczącego$bn$2rdamedia
=338  \\$aWolumin$bnc$2rdacarrier
=380  \\$aArtykuły
=504  \\$aBibliogr. s. 72-73.
=600  17$aLagarce, Jean-Luc$d(1957-1995)$2DBN$1http://viaf.org/viaf/36920547
=648  \7$a1901-2000$2DBN
=650  \7$aNarracja$2DBN
=650  \7$aTeatr$y20 w.$2DBN
=700  1\$aSugiera, Małgorzata$d(1958- )$1http://viaf.org/viaf/19827603
=773  0\$iW:$tWorlds in words : storytelling in contemporary theatre and playwriting,$gs. 61-73
=856  42$uhttp://libri.ucl.cas.cz/Record/b0000003202878$ychapter of: Worlds in words : storytelling in contemporary theatre and playwriting, Newcastle upon Tyne: Cambridge Scholars Publishing 2010
=902  \\$a170219$c141031$dm$eb$f-$g0
=909  \\$ab0000032406277
=916  \\$aBorowski, Mateusz
=918  1\$aSugiera, Małgorzata$d(1958- )
=980  \\$aArtykuły
=995  \\$aPolska Bibliografia Literacka$bPBL 2013-2020: rozdziały książek
=996  \\$a.b32406277$9local
=998  \\$ao$av$9local
=999  \\$apz$bkp

