=LDR  01800naa a2200469 i 4500
=001  b0000003240701
=005  20200501071403.4
=008  141031s2014\\\\pl\\\\\\\\\\\|000\0\pol\\
=009  991030193679705066
=035  \\$a(EXLNZ-48OMNIS_NETWORK)9910025365605606
=035  \\$a(OCoLC)899886147
=035  \\$a(PL)b0000003240701
=035  \\$a(PL-WaBN)b32407014-48omnis_nlop
=035  \\$a991030193679705066
=035  \\$ab32407014
=040  \\$aWA N$cWA N
=100  1\$aLechwar, Damian
=245  10$aWertykalne horyzonty :$bMotyl Kazimierza Tetmajera /$cDamian Lechwar.
=246  30$aMotyl Kazimierza Tetmajera
=260  \\$c2014.
=336  \\$aTekst$btxt$2rdacontent
=337  \\$aBez urządzenia pośredniczącego$bn$2rdamedia
=338  \\$aWolumin$bnc$2rdacarrier
=380  \\$iMajor genre$aLiterature$leng
=380  \\$aArtykuły
=381  \\$iMajor genre$aLyrical poetry$leng
=600  17$aPrzerwa-Tetmajer, Kazimierz$d(1865-1940)$2DBN$1http://viaf.org/viaf/68971652
=648  \7$a1801-1900$2DBN
=648  \7$a1901-2000$2DBN
=650  \7$aPrzestrzeń$xw literaturze polskiej$2DBN
=655  \7$aPoezja polska$xtematyka$y19-20 w.$2DBN
=773  0\$iW:$tWyobraźnia, pamięć, tożsamość : studia, szkice, interpretacje,$gs.17-31
=856  42$uhttp://libri.ucl.cas.cz/Record/b0000003225724$ychapter of: Wyobraźnia, pamięć, tożsamość : studia, szkice, interpretacje, Tarnów: Wydawnictwo Państwowej Wyższej Szkoły Zawodowej 2014
=902  \\$a170219$c141031$dm$eb$f-$g0
=909  \\$ab0000032407014
=916  \\$aLechwar, Damian
=955  \7$aPoezja polska$xtematyka$y19-20 w.$2DBN
=980  \\$aArtykuły
=995  \\$aPolska Bibliografia Literacka$bPBL 2013-2020: rozdziały książek
=996  \\$a.b32407014$9local
=998  \\$ao$av$9local
=999  \\$azk$bma

