=LDR  01883naa a2200469 i 4500
=001  b0000003240723
=005  20210127065427.2
=008  141031s2014\\\\pl\\\\\\\\\\\|000\0\pol\\
=009  991030194559705066
=035  \\$a(EXLNZ-48OMNIS_NETWORK)9910278722305606
=035  \\$a(OCoLC)899886169
=035  \\$a(PL)b0000003240723
=035  \\$a(PL-WaBN)b32407233-48omnis_nlop
=035  \\$a991030194559705066
=035  \\$ab32407233
=040  \\$aWA N$cWA N$dWA N
=100  1\$aNiemczura, Kamila
=245  10$a"Bo nagle tak mi trudno być dzieckiem..." :$bnarrator nie-dorosły w najnowszej powieści środkowo- i wschodnioeuropejskiej /$cKamila Niemczura.
=260  \\$c2014.
=336  \\$aTekst$btxt$2rdacontent
=337  \\$aBez urządzenia pośredniczącego$bn$2rdamedia
=338  \\$aWolumin$bnc$2rdacarrier
=380  \\$iMajor genre$aLiterature$leng
=380  \\$aArtykuły
=381  \\$iMajor genre$aFiction$leng
=650  \7$aDzieci$2DBN
=650  \7$aLiteratury europejskie$2DBN
=650  \7$aTematy i motywy$2DBN
=655  \7$aPowieść europejska$xtematyka$zEuropa Środkowo-Wschodnia$yod 1945 r.$2DBN
=658  \\$aLiteraturoznawstwo
=773  0\$iW:$tWyobraźnia, pamięć, tożsamość : studia, szkice, interpretacje,$gs. 33-42
=856  42$uhttp://libri.ucl.cas.cz/Record/b0000003225724$ychapter of: Wyobraźnia, pamięć, tożsamość : studia, szkice, interpretacje, Tarnów: Wydawnictwo Państwowej Wyższej Szkoły Zawodowej 2014
=902  \\$a170219$c141031$dm$eb$f-$g0
=909  \\$ab0000032407233
=916  \\$aNiemczura, Kamila
=955  \7$aPowieść europejska$xtematyka$zEuropa Środkowo-Wschodnia$yod 1945 r.$2DBN
=958  \\$aLiteraturoznawstwo
=980  \\$aArtykuły
=995  \\$aPolska Bibliografia Literacka$bPBL 2013-2020: rozdziały książek
=996  \\$a.b32407233$9local
=998  \\$ao$av$9local
=999  \\$azk$bma$cil

