=LDR  01835naa a2200457 i 4500
=001  b0000003240734
=005  20200502060141.1
=008  141031s2014\\\\pl\\\\\\\\\\\|000\0\pol\\
=009  991030195019705066
=035  \\$a(EXLNZ-48OMNIS_NETWORK)9910386424705606
=035  \\$a(OCoLC)899885966
=035  \\$a(PL)b0000003240734
=035  \\$a(PL-WaBN)b32407348-48omnis_nlop
=035  \\$a991030195019705066
=035  \\$ab32407348
=040  \\$aWA N$cWA N
=100  1\$aMałochleb-Słowik, Agnieszka
=245  10$a"Siwa baba i biega..." :$bo starości w poezji Anny Świrszczyńskiej /$cAgnieszka Małochleb-Słowik.
=246  30$aO starości w poezji Anny Świrszczyńskiej
=260  \\$c2014.
=336  \\$aTekst$btxt$2rdacontent
=337  \\$aBez urządzenia pośredniczącego$bn$2rdamedia
=338  \\$aWolumin$bnc$2rdacarrier
=380  \\$iMajor genre$aLiterature$leng
=380  \\$aArtykuły
=381  \\$iMajor genre$aLyrical poetry$leng
=600  17$aŚwirszczyńska, Anna$d(1909-1984)$2DBN$1http://viaf.org/viaf/118511726
=648  \7$a1901-2000$2DBN
=650  \7$aStarość$xw literaturze polskiej$2DBN
=655  \7$aPoezja polska$xtematyka$y20 w.$2DBN
=773  0\$iW:$tWyobraźnia, pamięć, tożsamość : studia, szkice, interpretacje,$gs. 43-52
=856  42$uhttp://libri.ucl.cas.cz/Record/b0000003225724$ychapter of: Wyobraźnia, pamięć, tożsamość : studia, szkice, interpretacje, Tarnów: Wydawnictwo Państwowej Wyższej Szkoły Zawodowej 2014
=902  \\$a170219$c141031$dm$eb$f-$g0
=909  \\$ab0000032407348
=916  \\$aMałochleb-Słowik, Agnieszka
=955  \7$aPoezja polska$xtematyka$y20 w.$2DBN
=980  \\$aArtykuły
=995  \\$aPolska Bibliografia Literacka$bPBL 2013-2020: rozdziały książek
=996  \\$a.b32407348$9local
=998  \\$ao$av$9local
=999  \\$azk$bma

