=LDR  01684naa a2200421 i 4500
=001  b0000003240741
=005  20200501071349.3
=008  141031s2010\\\\xxk\\\\\\\\\\\000\0\eng\\
=009  991030195309705066
=035  \\$a(EXLNZ-48OMNIS_NETWORK)9910166137205606
=035  \\$a(OCoLC)899886222
=035  \\$a(PL)b0000003240741
=035  \\$a(PL-WaBN)b32407415-48omnis_nlop
=035  \\$a991030195309705066
=035  \\$ab32407415
=040  \\$aWA N$cWA N
=100  1\$aWitek, Kinga
=245  10$aRobbie McCauley's "Sally's Rape" - "speaking the unspeakable" :$bthe example of "making theatre for social representation and change..." through performance and storytelling /$cKinga Witek.
=260  \\$c2010.
=336  \\$aTekst$btxt$2rdacontent
=337  \\$aBez urządzenia pośredniczącego$bn$2rdamedia
=338  \\$aWolumin$bnc$2rdacarrier
=380  \\$aArtykuły
=504  \\$aBibliogr. s. 145-146.
=600  17$aMcCauley, Robbie$d(1942-2021)$tSally's rape$2DBN$1http://viaf.org/viaf/48523326
=648  \7$a1901-2000$2DBN
=650  \7$aNarracja$2DBN
=650  \7$aTeatr$y20 w.$2DBN
=773  0\$iW:$tWorlds in words : storytelling in contemporary theatre and playwriting,$gs. 127-146
=856  42$uhttp://libri.ucl.cas.cz/Record/b0000003202878$ychapter of: Worlds in words : storytelling in contemporary theatre and playwriting, Newcastle upon Tyne: Cambridge Scholars Publishing 2010
=902  \\$a170612$c141031$dm$eb$f-$g0
=909  \\$ab0000032407415
=916  \\$aWitek, Kinga
=980  \\$aArtykuły
=995  \\$aPolska Bibliografia Literacka$bPBL 2013-2020: rozdziały książek
=996  \\$a.b32407415$9local
=998  \\$ao$av$9local
=999  \\$apz$bkp

