=LDR  01811naa a2200457 i 4500
=001  b0000003240755
=005  20200502060130.2
=008  141031s2014\\\\pl\\\\\\\\\\\|000\0\pol\\
=009  991030195849705066
=035  \\$a(EXLNZ-48OMNIS_NETWORK)9910418573705606
=035  \\$a(OCoLC)899886263
=035  \\$a(PL)b0000003240755
=035  \\$a(PL-WaBN)b32407555-48omnis_nlop
=035  \\$a991030195849705066
=035  \\$ab32407555
=040  \\$aWA N$cWA N
=100  1\$aKobos, Katarzyna
=245  10$a"Sędziwy chłopcze..." :$btopos puer senex w poezji Stanisława Grochowiaka /$cKatarzyna Kobos.
=246  30$aTopos puer senex w poezji Stanisława Grochowiaka
=260  \\$c2014.
=336  \\$aTekst$btxt$2rdacontent
=337  \\$aBez urządzenia pośredniczącego$bn$2rdamedia
=338  \\$aWolumin$bnc$2rdacarrier
=380  \\$iMajor genre$aLiterature$leng
=380  \\$aArtykuły
=381  \\$iMajor genre$aLyrical poetry$leng
=600  17$aGrochowiak, Stanisław$d(1934-1976)$2DBN$1http://viaf.org/viaf/2514032
=648  \7$a1901-2000$2DBN
=650  \7$aChłopcy$xw literaturze polskiej$2DBN
=655  \7$aPoezja polska$xtematyka$y20 w.$2DBN
=773  0\$iW:$tWyobraźnia, pamięć, tożsamość : studia, szkice, interpretacje,$gs. 53-59
=856  42$uhttp://libri.ucl.cas.cz/Record/b0000003225724$ychapter of: Wyobraźnia, pamięć, tożsamość : studia, szkice, interpretacje, Tarnów: Wydawnictwo Państwowej Wyższej Szkoły Zawodowej 2014
=902  \\$a170219$c141031$dm$eb$f-$g0
=909  \\$ab0000032407555
=916  \\$aKobos, Katarzyna
=955  \7$aPoezja polska$xtematyka$y20 w.$2DBN
=980  \\$aArtykuły
=995  \\$aPolska Bibliografia Literacka$bPBL 2013-2020: rozdziały książek
=996  \\$a.b32407555$9local
=998  \\$ao$av$9local
=999  \\$azk$bma$cil

