=LDR  01663naa a2200433 i 4500
=001  b0000003240759
=005  20200502060101.7
=008  141031s2010\\\\xxk\\\\\\\\\\\000\0\eng\\
=009  991030195999705066
=035  \\$a(EXLNZ-48OMNIS_NETWORK)9910475442105606
=035  \\$a(OCoLC)899886277
=035  \\$a(PL)b0000003240759
=035  \\$a(PL-WaBN)b32407592-48omnis_nlop
=035  \\$a991030195999705066
=035  \\$ab32407592
=040  \\$aWA N$cWA N
=100  1\$aKosiński, Dariusz$d(1966- )$1http://viaf.org/viaf/42119092
=245  10$aStorytelling in Grotowskian and Post-Grotowskian theatre /$cDariusz Kosiński.
=260  \\$c2010.
=336  \\$aTekst$btxt$2rdacontent
=337  \\$aBez urządzenia pośredniczącego$bn$2rdamedia
=338  \\$aWolumin$bnc$2rdacarrier
=380  \\$aArtykuły
=504  \\$aBibliogr. s. 175
=600  17$aGrotowski, Jerzy$d(1933-1999)$2DBN$1http://viaf.org/viaf/32032675
=648  \7$a1901-2000$2DBN
=650  \7$aNarracja$2DBN
=650  \7$aTeatr$xhistoria$y20 w.$2DBN
=650  \7$aTeoria teatru$2DBN
=773  0\$iW:$tWorlds in words : storytelling in contemporary theatre and playwriting,$gs. 161-175
=856  42$uhttp://libri.ucl.cas.cz/Record/b0000003202878$ychapter of: Worlds in words : storytelling in contemporary theatre and playwriting, Newcastle upon Tyne: Cambridge Scholars Publishing 2010
=902  \\$a171120$c141031$dm$eb$f-$g0
=909  \\$ab0000032407592
=916  \\$aKosiński, Dariusz   (1966- )
=980  \\$aArtykuły
=995  \\$aPolska Bibliografia Literacka$bPBL 2013-2020: rozdziały książek
=996  \\$a.b32407592$9local
=998  \\$ao$av$9local
=999  \\$apz$bkp

