=LDR  01676naa a2200433 i 4500
=001  b0000003240769
=005  20200502060058.8
=008  141031s2010\\\\xxk\\\\\\\\\\\000\0\eng\\
=009  991030196339705066
=035  \\$a(EXLNZ-48OMNIS_NETWORK)9910228755105606
=035  \\$a(OCoLC)899886305
=035  \\$a(PL)b0000003240769
=035  \\$a(PL-WaBN)b32407695-48omnis_nlop
=035  \\$a991030196339705066
=035  \\$ab32407695
=040  \\$aWA N$cWA N
=100  1\$aBal, Ewa$d(1973- )$1http://viaf.org/viaf/50408988
=245  10$aToward a broken tradition - Dario Fo :$bbetween theatrical illusion and a speech to the audience /$cEwa Bal.
=260  \\$c2010.
=336  \\$aTekst$btxt$2rdacontent
=337  \\$aBez urządzenia pośredniczącego$bn$2rdamedia
=338  \\$aWolumin$bnc$2rdacarrier
=380  \\$aArtykuły
=504  \\$aBibliogr. s. 237.
=600  17$aFo, Dario$d(1926-2016)$2DBN$1http://viaf.org/viaf/89786165
=648  \7$a1901-2000$2DBN
=650  \7$aNarracja$2DBN
=650  \7$aTeatr włoski$xhistoria$y20 w.$2DBN
=650  \7$aTeoria teatru$2DBN
=773  0\$iW:$tWorlds in words : storytelling in contemporary theatre and playwriting,$gs. 211-237.
=856  42$uhttp://libri.ucl.cas.cz/Record/b0000003202878$ychapter of: Worlds in words : storytelling in contemporary theatre and playwriting, Newcastle upon Tyne: Cambridge Scholars Publishing 2010
=902  \\$a171120$c141031$dm$eb$f-$g0
=909  \\$ab0000032407695
=916  \\$aBal, Ewa   (1973- )
=980  \\$aArtykuły
=995  \\$aPolska Bibliografia Literacka$bPBL 2013-2020: rozdziały książek
=996  \\$a.b32407695$9local
=998  \\$ao$av$9local
=999  \\$apz$bkp

