=LDR  01769naa a2200457 i 4500
=001  b0000003240777
=005  20200502060121.6
=008  141031s2014\\\\pl\\\\\\\\\\\|000\0\pol\\
=009  991030196629705066
=035  \\$a(EXLNZ-48OMNIS_NETWORK)9910479246405606
=035  \\$a(OCoLC)899886310
=035  \\$a(PL)b0000003240777
=035  \\$a(PL-WaBN)b32407774-48omnis_nlop
=035  \\$a991030196629705066
=035  \\$ab32407774
=040  \\$aWA N$cWA N
=100  1\$aWątroba, Katarzyna
=245  10$a"Ponieważ język" :$bLód Jacka Dukaja i problem niewyrażalności /$cKatarzyna Wątroba.
=246  30$aLód Jacka Dukaja i problem niewyrażalności
=260  \\$c2014.
=336  \\$aTekst$btxt$2rdacontent
=337  \\$aBez urządzenia pośredniczącego$bn$2rdamedia
=338  \\$aWolumin$bnc$2rdacarrier
=380  \\$iMajor genre$aLiterature$leng
=380  \\$aArtykuły
=381  \\$iMajor genre$aFiction$leng
=600  17$aDukaj, Jacek$d(1974- )$tLód$2DBN$1http://viaf.org/viaf/101877357
=648  \7$a2001-$2DBN
=655  \7$aPowieść polska$xhistoria$y21 w.$2DBN
=773  0\$iW:$tWyobraźnia, pamięć, tożsamość : studia, szkice, interpretacje,$gs. 61-70
=856  42$uhttp://libri.ucl.cas.cz/Record/b0000003225724$ychapter of: Wyobraźnia, pamięć, tożsamość : studia, szkice, interpretacje, Tarnów: Wydawnictwo Państwowej Wyższej Szkoły Zawodowej 2014
=902  \\$a170219$c141031$dm$eb$f-$g0
=909  \\$ab0000032407774
=916  \\$aWątroba, Katarzyna
=955  \7$aPowieść polska$xhistoria$y21 w.$2DBN
=980  \\$aArtykuły
=995  \\$aPolska Bibliografia Literacka$bPBL 2013-2020: rozdziały książek
=996  \\$a.b32407774$9local
=998  \\$ao$av$9local
=999  \\$aDBNd$bjka
=999  \\$azk$bma$cbp

