=LDR  01849naa a2200469 i 4500
=001  b0000003240782
=005  20200502060042.7
=008  141031s2014\\\\pl\\\\\\\\\\\|000\0\pol\\
=009  991030196839705066
=035  \\$a(EXLNZ-48OMNIS_NETWORK)9910304913705606
=035  \\$a(OCoLC)899886354
=035  \\$a(PL)b0000003240782
=035  \\$a(PL-WaBN)b32407828-48omnis_nlop
=035  \\$a991030196839705066
=035  \\$ab32407828
=040  \\$aWA N$cWA N
=100  1\$aSoból, Kinga
=245  10$aGrochów - Dukla :$bo podróży, tożsamości i dopełnieniu w prozie Andrzeja Stasiuka /$cKinga Soból.
=246  30$aO podróży, tożsamości i dopełnieniu w prozie Andrzeja Stasiuka
=260  \\$c2014.
=336  \\$aTekst$btxt$2rdacontent
=337  \\$aBez urządzenia pośredniczącego$bn$2rdamedia
=338  \\$aWolumin$bnc$2rdacarrier
=380  \\$iMajor genre$aLiterature$leng
=380  \\$aArtykuły
=381  \\$iMajor genre$aFiction$leng
=600  17$aStasiuk, Andrzej$d(1960- )$2DBN$1http://viaf.org/viaf/90674987
=648  \7$a1901-2000$2DBN
=648  \7$a2001-$2DBN
=650  \7$aPodróżnictwo$xw literaturze polskiej$2DBN
=655  \7$aProza polska$xtematyka$y20-21 w.$2DBN
=773  0\$iW:$tWyobraźnia, pamięć, tożsamość : studia, szkice, interpretacje,$gs. 71-79
=856  42$uhttp://libri.ucl.cas.cz/Record/b0000003225724$ychapter of: Wyobraźnia, pamięć, tożsamość : studia, szkice, interpretacje, Tarnów: Wydawnictwo Państwowej Wyższej Szkoły Zawodowej 2014
=902  \\$a170219$c141031$dm$eb$f-$g0
=909  \\$ab0000032407828
=916  \\$aSoból, Kinga
=955  \7$aProza polska$xtematyka$y20-21 w.$2DBN
=980  \\$aArtykuły
=995  \\$aPolska Bibliografia Literacka$bPBL 2013-2020: rozdziały książek
=996  \\$a.b32407828$9local
=998  \\$ao$av$9local
=999  \\$azk$bma

