=LDR  01912naa a2200457 i 4500
=001  b0000003240791
=005  20200501071433.2
=008  141031s2014\\\\pl\\\\\\\\\\\|000\0\pol\\
=009  991030197159705066
=035  \\$a(EXLNZ-48OMNIS_NETWORK)9910165853305606
=035  \\$a(OCoLC)899886360
=035  \\$a(PL)b0000003240791
=035  \\$a(PL-WaBN)b32407919-48omnis_nlop
=035  \\$a991030197159705066
=035  \\$ab32407919
=040  \\$aWA N$cWA N
=100  1\$aBieniek, Mirosława
=245  10$a"Pomiędzy gruzem jedwabny trzewiczek..." :$bo zderzeniu czasu ludzkiego z czasem historycznym w wierszu Księżniczka Czesława Miłosza /$cMirosława Bieniek.
=246  30$aO zderzeniu czasu luzkiego z czasem historycznym w wierszu Księżniczka Czesława Miłosza
=260  \\$c2014.
=336  \\$aTekst$btxt$2rdacontent
=337  \\$aBez urządzenia pośredniczącego$bn$2rdamedia
=338  \\$aWolumin$bnc$2rdacarrier
=380  \\$iMajor genre$aLiterature$leng
=380  \\$aArtykuły
=381  \\$iMajor genre$aLyrical poetry$leng
=600  17$aMiłosz, Czesław$d(1911-2004)$2DBN$1http://viaf.org/viaf/110389400
=648  \7$a1901-2000$2DBN
=650  \7$aCzas$xw literaturze polskiej$2DBN
=655  \7$aPoezja polska$xtematyka$y20 w.$2DBN
=773  0\$iW:$tWyobraźnia, pamięć, tożsamość : studia, szkice, interpretacje,$gs. 81-86
=856  42$uhttp://libri.ucl.cas.cz/Record/b0000003225724$ychapter of: Wyobraźnia, pamięć, tożsamość : studia, szkice, interpretacje, Tarnów: Wydawnictwo Państwowej Wyższej Szkoły Zawodowej 2014
=902  \\$a170219$c141031$dm$eb$f-$g0
=909  \\$ab0000032407919
=916  \\$aBieniek, Mirosława
=955  \7$aPoezja polska$xtematyka$y20 w.$2DBN
=980  \\$aArtykuły
=995  \\$aPolska Bibliografia Literacka$bPBL 2013-2020: rozdziały książek
=996  \\$a.b32407919$9local
=998  \\$ao$av$9local
=999  \\$azk$bma

