=LDR  01787naa a2200457 i 4500
=001  b0000003240800
=005  20200501071426.7
=008  141031s2014\\\\pl\\\\\\\\\\\|000\0\pol\\
=009  991030197519705066
=035  \\$a(EXLNZ-48OMNIS_NETWORK)9910135201505606
=035  \\$a(OCoLC)899886367
=035  \\$a(PL)b0000003240800
=035  \\$a(PL-WaBN)b32408006-48omnis_nlop
=035  \\$a991030197519705066
=035  \\$ab32408006
=040  \\$aWA N$cWA N
=100  1\$aSewera, Iwona
=245  10$aDiaboliczna bajka popkultury :$bo Zwierciadle piekieł Grahama Mastertona /$cIwona Sewera.
=246  30$aO Zwierciadle piekieł Grahama Mastertona
=260  \\$c2014.
=336  \\$aTekst$btxt$2rdacontent
=337  \\$aBez urządzenia pośredniczącego$bn$2rdamedia
=338  \\$aWolumin$bnc$2rdacarrier
=380  \\$iMajor genre$aLiterature$leng
=380  \\$aArtykuły
=381  \\$iMajor genre$aFiction$leng
=600  17$aMasterton, Graham$d(1946- )$2DBN$1http://viaf.org/viaf/14773568
=648  \7$a1901-2000$2DBN
=650  \7$aLustra$xw literaturze angielskiej.$2DBN
=655  \7$aPowieść angielska$xtematyka$y20 w.$2DBN
=773  0\$iW:$tWyobraźnia, pamięć, tożsamość : studia, szkice, interpretacje,$gs. 87-94
=856  42$uhttp://libri.ucl.cas.cz/Record/b0000003225724$ychapter of: Wyobraźnia, pamięć, tożsamość : studia, szkice, interpretacje, Tarnów: Wydawnictwo Państwowej Wyższej Szkoły Zawodowej 2014
=902  \\$a170219$c141031$dm$eb$f-$g0
=909  \\$ab0000032408006
=916  \\$aSewera, Iwona
=955  \7$aPowieść angielska$xtematyka$y20 w.$2DBN
=980  \\$aArtykuły
=995  \\$aPolska Bibliografia Literacka$bPBL 2013-2020: rozdziały książek
=996  \\$a.b32408006$9local
=998  \\$ao$av$9local
=999  \\$azk$bma

