=LDR  02188naa a2200553 i 4500
=001  b0000003241050
=005  20200502060129.3
=008  141102s2014\\\\pl\\\\\\\\\\\|000\0\pol\\
=009  991030207349705066
=035  \\$a(EXLNZ-48OMNIS_NETWORK)9910335214005606
=035  \\$a(OCoLC)899887384
=035  \\$a(PL)b0000003241050
=035  \\$a(PL-WaBN)b32410505-48omnis_nlop
=035  \\$a991030207349705066
=035  \\$ab32410505
=040  \\$aWA N$cWA N
=045  2\$bd1956$bd1989
=100  1\$aSteczkowski, Piotr
=245  10$aZasady katolickiej nauki społecznej w kazaniach i działalności bł. ks. Jerzego Popiełuszki /$cPiotr Steczkowski.
=260  \\$c2014.
=336  \\$aTekst$btxt$2rdacontent
=337  \\$aBez urządzenia pośredniczącego$bn$2rdamedia
=338  \\$aWolumin$bnc$2rdacarrier
=380  \\$aArtykuły
=600  07$aPopiełuszko, Jerzy$c(bł. ;$d(1947-1984)$xnauczanie$2DBN$1http://viaf.org/viaf/89727493
=648  \7$a1901-2000$2DBN
=648  \7$a1945-1989$2DBN
=650  \7$aKatolicka nauka społeczna$xhistoria$zPolska$2DBN
=650  \7$aKatolicyzm$2DBN
=650  \7$aKazania$2DBN
=651  \7$aPolska$2DBN
=658  \\$aHistoria
=658  \\$aLiteraturoznawstwo
=658  \\$aReligia i duchowość
=773  0\$iW:$tOd ostatnich leśnych do "Solidarności": z dziejów opozycji politycznej i oporu społecznego w Polsce południowo-wschodniej (1956-1989),$gs. 335-345
=856  42$uhttp://libri.ucl.cas.cz/Record/b0000003236737$ychapter of: Od ostatnich leśnych do "Solidarności" : z dziejów opozycji politycznej i oporu społecznego w Polsce południowo-wschodniej (1956-1989), Rzeszów: Instytut Pamięci Narodowej - Komisja Ścigania Zbrodni przeciwko Narodowi Polskiemu. Oddział 2014
=902  \\$a180222$c141102$dm$eb$f-$g0
=909  \\$ab0000032410505
=916  \\$aSteczkowski, Piotr
=945  2\$b1956$b1989
=951  \7$aPolska$2DBN
=958  \\$aHistoria
=958  \\$aLiteraturoznawstwo
=958  \\$aReligia i duchowość
=980  \\$aArtykuły
=995  \\$aPolska Bibliografia Literacka$bPBL 2013-2020: rozdziały książek
=996  \\$a.b32410505$9local
=998  \\$ao$av$9local
=999  \\$azk$bil

