=LDR  02013naa a2200553 i 4500
=001  b0000003241778
=005  20200502060100.8
=008  141103s2013\\\\pl\\\\\\\\\\\|000\0\ita\\
=009  991030235889705066
=035  \\$a(EXLNZ-48OMNIS_NETWORK)9910271234705606
=035  \\$a(OCoLC)903326146
=035  \\$a(PL)b0000003241778
=035  \\$a(PL-WaBN)b32417780-48omnis_nlop
=035  \\$a991030235889705066
=035  \\$ab32417780
=040  \\$aWA N$cWA N
=080  \\$a82(091)+82.0(045/046)
=100  1\$aTufano, Ilaria
=245  10$aAngeli e demoni tra Boccaccio e Petraraca /$cdi Ilaria Tufano.
=260  \\$c2013.
=336  \\$aTekst$btxt$2rdacontent
=337  \\$aBez urządzenia pośredniczącego$bn$2rdamedia
=338  \\$aWolumin$bnc$2rdacarrier
=380  \\$aArtykuły
=600  07$aLaura$2DBN
=600  17$aBoccaccio, Giovanni$d(1313-1375)$2DBN$1http://viaf.org/viaf/64002165
=600  17$aBoccaccio, Giovanni$d(1313-1375)$tFiammetta$2DBN$1http://viaf.org/viaf/64002165
=600  17$aPetrarca, Francesco$d(1304-1374)$2DBN$1http://viaf.org/viaf/39382430
=648  \7$a1301-1400$2DBN
=650  \7$aKobieta$2DBN
=650  \7$aLiteratura włoska$2DBN
=650  \7$aPoezja$2DBN
=650  \7$aProza$2DBN
=650  \7$aTematy i motywy$2DBN
=650  \7$aItalian literature$2ELB-n
=650  \7$aPoetry$2ELB-g
=658  \\$aLiteraturoznawstwo
=773  0\$iW:$tControcanto : voci, figure, contesti di un altrove al femminile,$gs. 21-34
=856  42$uhttp://libri.ucl.cas.cz/Record/b0000003226887$ychapter of: Controcanto : voci, figure, contesti di un altrove al femminile, Szczecin: Volumina.pl Daniel Krzanowski 2013
=902  \\$a170424$c141103$dm$eb$f-$g0
=909  \\$ab0000032417780
=916  \\$aTufano, Ilaria
=931  \\$a82(091)+82.0(045/046)
=958  \\$aLiteraturoznawstwo
=980  \\$aArtykuły
=995  \\$aPolska Bibliografia Literacka$bPBL 2013-2020: rozdziały książek
=996  \\$a.b32417780$9local
=998  \\$ao$av$9local
=999  \\$azk$bmmk$bpb

