=LDR  02110naa a2200565 i 4500
=001  b0000003242006
=005  20200502060142.0
=008  141103s2013\\\\pl\\\\\\\\\\\|000\0\ita\\
=009  991030244919705066
=035  \\$a(EXLNZ-48OMNIS_NETWORK)9910324740605606
=035  \\$a(OCoLC)998226909
=035  \\$a(PL)b0000003242006
=035  \\$a(PL-WaBN)b32420067-48omnis_nlop
=035  \\$a991030244919705066
=035  \\$ab32420067
=040  \\$aWA N$cWA N
=080  \\$a93/94(045/046)
=100  1\$aDevincenzo, Giovanna
=245  13$aLe vie del sapere femminile :$bla voce di una "femme studieuse" tra cinquecento e seicento : Marie Le Jars de Gournay /$cdi Giovanna Devincenzo.
=246  30$aVoce di una "femme studieuse" tra cinquecento e seicento :$bMarie Le Jars de Gournay
=260  \\$c2013.
=336  \\$aTekst$btxt$2rdacontent
=337  \\$aBez urządzenia pośredniczącego$bn$2rdamedia
=338  \\$aWolumin$bnc$2rdacarrier
=380  \\$aArtykuły
=600  17$aGournay, Marie Le Jars de$d(1565-1645)$2DBN$1http://viaf.org/viaf/17223473
=648  \7$a1501-1600$2DBN
=648  \7$a1601-1700$2DBN
=650  \7$aKobieta$2DBN
=650  \7$aKształcenie$2DBN
=650  \7$aLiteratura francuska$2DBN
=650  \7$aSeksizm$2DBN
=650  \7$aFrench literature$2ELB-n
=651  \7$aFrancja$2DBN
=658  \\$aLiteraturoznawstwo
=658  \\$aSocjologia i społeczeństwo
=773  0\$iW:$tControcanto : voci, figure, contesti di un altrove al femminile,$gs. 55-65
=856  42$uhttp://libri.ucl.cas.cz/Record/b0000003226887$ychapter of: Controcanto : voci, figure, contesti di un altrove al femminile, Szczecin: Volumina.pl Daniel Krzanowski 2013
=902  \\$a171231$c141103$dm$eb$f-$g3
=909  \\$ab0000032420067
=916  \\$aDevincenzo, Giovanna
=931  \\$a93/94(045/046)
=951  \7$aFrancja$2DBN
=958  \\$aLiteraturoznawstwo
=958  \\$aSocjologia i społeczeństwo
=980  \\$aArtykuły
=995  \\$aPolska Bibliografia Literacka$bPBL 2013-2020: rozdziały książek
=996  \\$a.b32420067$9local
=998  \\$ao$9local
=999  \\$azk$bmmk$bpb

