=LDR  02002naa a2200493 i 4500
=001  b0000003242109
=005  20200502060122.5
=008  141103s2014\\\\pl\a\\\\\\\\\|100\0\pol\\
=009  991030248859705066
=035  \\$a(EXLNZ-48OMNIS_NETWORK)9910221174605606
=035  \\$a(OCoLC)899890061
=035  \\$a(PL)b0000003242109
=035  \\$a(PL-WaBN)b32421096-48omnis_nlop
=035  \\$a991030248859705066
=035  \\$ab32421096
=040  \\$aWA N$cWA N
=100  1\$aKaczyński, Paweł$d(1965- )$1http://viaf.org/viaf/22355959
=245  10$aSplątanie tożsamości :$bdyskurs kolonialny w polskich relacjach z podróży po Ameryce /$cPaweł Kaczyński ; Uniwersytet Wrocławski.
=260  \\$c2014.
=336  \\$aTekst$btxt$2rdacontent
=337  \\$aBez urządzenia pośredniczącego$bn$2rdamedia
=338  \\$aWolumin$bnc$2rdacarrier
=380  \\$iMajor genre$aLiterature$leng
=380  \\$aArtykuły
=381  \\$iMajor genre$aOther$leng
=648  \7$a1701-1800$2DBN
=650  \7$aKolonializm$xw literaturze polskiej.$2DBN
=650  \7$aPodróżnictwo$zPolska$y18 w.$2DBN
=651  \7$aStany Zjednoczone$xpodróżnictwo$y18 w.$2DBN
=655  \7$aLiteratura podróżnicza polska$xtematyka$y18 w.$2DBN
=710  2\$aUniwersytet Wrocławski$4oth
=773  0\$iW:$tPolski Grand Tour w XVIII i początkach XIX wieku,$gs. 395-413
=856  42$uhttp://libri.ucl.cas.cz/Record/b0000003223305$ychapter of: Polski Grand Tour w XVIII i początkach XIX wieku, Warszawa: Muzeum Pałacu Króla Jana III w Wilanowie 2014
=902  \\$a170219$c141103$dm$eb$f-$g0
=909  \\$ab0000032421096
=916  \\$aKaczyński, Paweł   (1965- )
=921  2\$aUniwersytet Wrocławski
=951  \7$aStany Zjednoczone$xpodróżnictwo$y18 w.$2DBN
=955  \7$aLiteratura podróżnicza polska$xtematyka$y18 w.$2DBN
=980  \\$aArtykuły
=995  \\$aPolska Bibliografia Literacka$bPBL 2013-2020: rozdziały książek
=996  \\$a.b32421096$9local
=998  \\$ao$av$9local
=999  \\$azk$bkwp

