=LDR  01702naa a2200409 i 4500
=001  b0000003242192
=005  20200502060140.1
=008  141103s2013\\\\pl\\\\\\\\\\\|000\0\pol\\
=009  991030252069705066
=035  \\$a(EXLNZ-48OMNIS_NETWORK)9910405467605606
=035  \\$a(OCoLC)899890547
=035  \\$a(PL)b0000003242192
=035  \\$a(PL-WaBN)b32421928-48omnis_nlop
=035  \\$a991030252069705066
=035  \\$ab32421928
=040  \\$aWA N$cWA N
=100  1\$aCzerwińska, Małgorzata$d(1961- )$1http://viaf.org/viaf/31937378
=245  10$a"Jesteście więksi ode mnie tylko o światło" - o autorach z niepełnosprawnością wzroku - między rehabilitacją a życiem literackim /$cMałgorzata Czerwińska.
=260  \\$c2013.
=336  \\$aTekst$btxt$2rdacontent
=337  \\$aBez urządzenia pośredniczącego$bn$2rdamedia
=338  \\$aWolumin$bnc$2rdacarrier
=380  \\$aArtykuły
=504  \\$aBibliogr. s. 95-97.
=650  \7$aNiewidomi$xsocjologia$zPolska$2DBN
=650  \7$aNiewidomi$xtwórczość$zPolska$yod 1944 r.$2DBN
=650  \7$aPisarze polscy$xsocjologia$yod 1944 r.$2DBN
=773  0\$iW:$tEdukacja i rehabilitacja osób niepełnosprawnych : oblicza terapii,$gs. 79-97
=856  42$uhttp://libri.ucl.cas.cz/Record/b0000003227104$ychapter of: Edukacja i rehabilitacja osób niepełnosprawnych : oblicza terapii, Szczecin: Minerwa Wydawnictwo Naukowe WH 2013
=902  \\$a170219$c141103$dm$eb$f-$g0
=909  \\$ab0000032421928
=916  \\$aCzerwińska, Małgorzata   (1961- )
=980  \\$aArtykuły
=995  \\$aPolska Bibliografia Literacka$bPBL 2013-2020: rozdziały książek
=996  \\$a.b32421928$9local
=998  \\$ao$av$9local
=999  \\$azk$bil

