=LDR  01795naa a2200469 i 4500
=001  b0000003246641
=005  20200502060128.5
=008  141106s2014\\\\gw\\\\\\\\\\\\000\0\eng\\
=009  991030428439705066
=035  \\$a(EXLNZ-48OMNIS_NETWORK)9910316509005606
=035  \\$a(OCoLC)909557708
=035  \\$a(PL)b0000003246641
=035  \\$a(PL-WaBN)b32466419-48omnis_nlop
=035  \\$a991030428439705066
=035  \\$ab32466419
=040  \\$aWA N$cWA N
=100  1\$aJakubowska, Zuzanna$d(1975- )$1http://viaf.org/viaf/36345689
=245  14$aThe Spanish expedition to Easter Island, 1770 :$boriginal documents and their rendition by Bolton Glanvill Corney /$cZuzanna Jakubowska.
=260  \\$c2014.
=336  \\$aTekst$btxt$2rdacontent
=337  \\$aBez urządzenia pośredniczącego$bn$2rdamedia
=338  \\$aWolumin$bnc$2rdacarrier
=380  \\$aArtykuły
=504  \\$aBibliogr. s. 118-120.
=648  \7$a1701-1800$2DBN
=650  \7$aLiteratura podróżnicza$2DBN
=650  \7$aOdkrycia geograficzne$y18 w.$2DBN
=650  \7$aOdmienność kulturowa$2DBN
=650  \7$aPrzekłady$2DBN
=650  \7$aTravel literature$2ELB-g
=651  \7$aWyspa Wielkanocna (Chile)$2DBN
=773  0\$iW:$tFound in multiculturalism : acceptance or challenge?,$gs. 107-120
=856  42$uhttp://libri.ucl.cas.cz/Record/b0000003222232$ychapter of: Found in multiculturalism : acceptance or challenge?, Frankfurt am Main: Peter Lang Edition 2014
=902  \\$a170219$c141106$dm$eb$f-$g4
=909  \\$ab0000032466419
=916  \\$aJakubowska, Zuzanna   (1975- )
=951  \7$aWyspa Wielkanocna (Chile)$2DBN
=980  \\$aArtykuły
=995  \\$aPolska Bibliografia Literacka$bPBL 2013-2020: rozdziały książek
=996  \\$a.b32466419$9local
=998  \\$ao$av$9local
=999  \\$apz$bms

