=LDR  02277naa a2200517 i 4500
=001  b0000003247831
=005  20200502060141.1
=008  141106s2014\\\\pl\\\\\\\\\\\|000\0\pol\\
=009  991030475019705066
=035  \\$a(EXLNZ-48OMNIS_NETWORK)9910060458405606
=035  \\$a(OCoLC)899903046
=035  \\$a(PL)b0000003247831
=035  \\$a(PL-WaBN)b32478318-48omnis_nlop
=035  \\$a991030475019705066
=035  \\$ab32478318
=040  \\$aWA N$cWA N
=041  0\$apol$beng$bger$brus
=100  1\$aNastałek-Żygadło, Gabriela
=245  10$aKobieca perspektywa w polskim filmie dokumentalnym na przykładzie twórczości Krystyny Gryczełowskiej, Ireny Kamieńskiej i Danuty Halladin /$cGabriela Nastałek-Żygadło ; Instytut Historyczny Uniwersytetu Wrocławskiego.
=260  \\$c2014.
=336  \\$aTekst$btxt$2rdacontent
=337  \\$aBez urządzenia pośredniczącego$bn$2rdamedia
=338  \\$aWolumin$bnc$2rdacarrier
=380  \\$aArtykuły
=546  \\$aStreszcz. ang., niem., ros.
=600  17$aGryczełowska, Krystyna$d(1931-2009)$2DBN$1http://viaf.org/viaf/164516047
=600  17$aHalladin, Danuta$d(1930-1987)$2DBN$1http://viaf.org/viaf/165310097
=600  17$aKamieńska, Irena$d(1928-2016)$2DBN$1http://viaf.org/viaf/161159364
=648  \7$a1901-2000$2DBN
=648  \7$a1945-1989$2DBN
=650  \7$aKobieta$xsocjologia$zPolska$y1944-1989 r.$2DBN
=650  \7$aKobieta$xw filmie polskim$2DBN
=655  \7$aFilm dokumentalny polski$xtematyka$y1944-1989 r.$2DBN
=710  2\$aInstytut Historyczny (Uniwersytet Wrocławski)$4oth
=773  0\$iW:$tKobiety "na zakręcie" 1933-1989,$gs. 319-325
=856  42$uhttp://libri.ucl.cas.cz/Record/b0000003215875$ychapter of: Kobiety "na zakręcie" 1933-1989, Wrocław: Instytut Pamięci Narodowej - Komisja Ścigania Zbrodni przeciwko Narodowi Polskiemu 2014
=902  \\$a170426$c141106$dm$eb$f-$g0
=909  \\$ab0000032478318
=916  \\$aNastałek-Żygadło, Gabriela
=921  2\$aInstytut Historyczny (Uniwersytet Wrocławski)
=955  \7$aFilm dokumentalny polski$xtematyka$y1944-1989 r.$2DBN
=980  \\$aArtykuły
=995  \\$aPolska Bibliografia Literacka$bPBL 2013-2020: rozdziały książek
=996  \\$a.b32478318$9local
=998  \\$ao$av$9local
=999  \\$azk$bsk$cbp

