=LDR  02022naa a2200505 i 4500
=001  b0000003247833
=005  20200502060027.0
=008  141106s2014\\\\pl\\\\\\\\\\\|000\0\pol\\
=009  991030475099705066
=035  \\$a(EXLNZ-48OMNIS_NETWORK)9910385330805606
=035  \\$a(OCoLC)899903048
=035  \\$a(PL)b0000003247833
=035  \\$a(PL-WaBN)b32478331-48omnis_nlop
=035  \\$a991030475099705066
=035  \\$ab32478331
=040  \\$aWA N$cWA N
=041  0\$apol$beng$bger$brus
=100  1\$aKlarman, Agnieszka
=245  10$a"Nowa kobieta" w polskiej prozie socrealistycznej (1945-1955) /$cAgnieszka Klarman ; Oddział Instytutu Pamięci Narodowej we Wrocławiu.
=260  \\$c2014.
=336  \\$aTekst$btxt$2rdacontent
=337  \\$aBez urządzenia pośredniczącego$bn$2rdamedia
=338  \\$aWolumin$bnc$2rdacarrier
=380  \\$iMajor genre$aLiterature$leng
=380  \\$aArtykuły
=381  \\$iMajor genre$aFiction$leng
=546  \\$aStreszcz. ang., niem., ros.
=648  \7$a1901-2000$2DBN
=648  \7$a1945-1989$2DBN
=650  \7$aKobieta$xsocjologia$zPolska$y1944-1956 r.$2DBN
=650  \7$aKobieta$xw literaturze polskiej$2DBN
=655  \7$aProza polska$xtematyka$y1944-1989 r.$2DBN
=710  2\$aOddział we Wrocławiu (Instytut Pamięci Narodowej)$4oth$1http://viaf.org/viaf/167565482
=773  0\$iW:$tKobiety "na zakręcie" 1933-1989,$gs. 327-336
=856  42$uhttp://libri.ucl.cas.cz/Record/b0000003215875$ychapter of: Kobiety "na zakręcie" 1933-1989, Wrocław: Instytut Pamięci Narodowej - Komisja Ścigania Zbrodni przeciwko Narodowi Polskiemu 2014
=902  \\$a180404$c141106$dm$eb$f-$g0
=909  \\$ab0000032478331
=916  \\$aKlarman, Agnieszka
=921  2\$aOddział we Wrocławiu (Instytut Pamięci Narodowej)
=955  \7$aProza polska$xtematyka$y1944-1989 r.$2DBN
=980  \\$aArtykuły
=995  \\$aPolska Bibliografia Literacka$bPBL 2013-2020: rozdziały książek
=996  \\$a.b32478331$9local
=998  \\$ao$av$9local
=999  \\$azk$bsk$cbp

