=LDR  02273naa a2200529 i 4500
=001  b0000003247834
=005  20200502060120.8
=008  141106s2014\\\\pl\\\\\\\\\\\|000\0\pol\\
=009  991030475139705066
=035  \\$a(EXLNZ-48OMNIS_NETWORK)9910290783505606
=035  \\$a(OCoLC)899903259
=035  \\$a(PL)b0000003247834
=035  \\$a(PL-WaBN)b32478343-48omnis_nlop
=035  \\$a991030475139705066
=035  \\$ab32478343
=040  \\$aWA N$cWA N
=041  0\$apol$beng$bger$brus
=100  1\$aLemann, Natalia
=245  10$aCylinder z Pandorami :$bpolska fantastyka socjologiczna a sytuacja kobiet u schyłku PRL : szkic rozrachunkowy /$cNatalia Lemann ; Instytut Kultury Współczesnej. Pracownia Antropologii Literatury Uniwersytetu Łódzkiego.
=260  \\$c2014.
=336  \\$aTekst$btxt$2rdacontent
=337  \\$aBez urządzenia pośredniczącego$bn$2rdamedia
=338  \\$aWolumin$bnc$2rdacarrier
=380  \\$aArtykuły
=546  \\$aStreszcz. ang., niem., ros.
=648  \7$a1901-2000$2DBN
=648  \7$a1945-1989$2DBN
=650  \7$aKobieta$xsocjologia$zPolska$y1956-1989 r.$2DBN
=650  \7$aKobieta$xw literaturze polskiej$2DBN
=650  \7$aLiteratura polska$2DBN
=650  \7$aScience fiction$2DBN
=650  \7$aTematy i motywy$2DBN
=650  \7$aPolish literature$2ELB-n
=658  \\$aLiteraturoznawstwo
=710  2\$aUniwersytet Łódzki.$bWydział Filologiczny.$bInstytut Kultury Współczesnej.$bKatedra Teorii Literatury.$bPracownia Antropologii Literatury.$4oth
=773  0\$iW:$tKobiety "na zakręcie" 1933-1989,$gs. 337-351
=856  42$uhttp://libri.ucl.cas.cz/Record/b0000003215875$ychapter of: Kobiety "na zakręcie" 1933-1989, Wrocław: Instytut Pamięci Narodowej - Komisja Ścigania Zbrodni przeciwko Narodowi Polskiemu 2014
=902  \\$a180518$c141106$dm$eb$f-$g0
=909  \\$ab0000032478343
=916  \\$aLemann, Natalia
=921  2\$aUniwersytet Łódzki.$bWydział Filologiczny.$bInstytut Kultury Współczesnej.$bKatedra Teorii Literatury.$bPracownia Antropologii Literatury.
=958  \\$aLiteraturoznawstwo
=980  \\$aArtykuły
=995  \\$aPolska Bibliografia Literacka$bPBL 2013-2020: rozdziały książek
=996  \\$a.b32478343$9local
=998  \\$ao$av$9local
=999  \\$azk$bsk$cbp

