=LDR  02156naa a2200481 i 4500
=001  b0000003250902
=005  20200501071402.6
=008  141107s2014\\\\pl\\\\\\\\\\\|000\0\pol\\
=009  991030595759705066
=035  \\$a(EXLNZ-48OMNIS_NETWORK)9910059274605606
=035  \\$a(OCoLC)899908980
=035  \\$a(PL)b0000003250902
=035  \\$a(PL-WaBN)b32509029-48omnis_nlop
=035  \\$a991030595759705066
=035  \\$ab32509029
=040  \\$aWA N$cWA N
=100  1\$aKrygier-Łączkowska, Agnieszka$d(1967- )$1http://viaf.org/viaf/296467251
=245  10$aNowomowa jako składnik języka poezji Stanisława Barańczaka /$cAgnieszka Krygier-Łączkowska ; Uniwersytet im. Adama Mickiewicza w Poznaniu.
=260  \\$c2014.
=336  \\$aTekst$btxt$2rdacontent
=337  \\$aBez urządzenia pośredniczącego$bn$2rdamedia
=338  \\$aWolumin$bnc$2rdacarrier
=380  \\$iMajor genre$aLiterature$leng
=380  \\$aArtykuły
=381  \\$iMajor genre$aLyrical poetry$leng
=504  \\$aBibliogr. s. 166-168.
=600  17$aBarańczak, Stanisław$d(1946-2014)$xjęzyk$2DBN$1http://viaf.org/viaf/34467174
=648  \7$a1901-2000$2DBN
=648  \7$a1945-1989$2DBN
=655  \7$aPoezja polska$xstylistyka$y1944-1989 r.$2DBN
=710  2\$aUniwersytet im. Adama Mickiewicza (Poznań)$4oth
=773  0\$iW:$tPoczucie bezpieczeństwa Polaków w dekadzie gierkowskiej : bezsilność i zmęczenie, antropologia codzienności w latach 70,$gs. 137-168
=856  42$uhttp://libri.ucl.cas.cz/Record/b0000003244346$ychapter of: Poczucie bezpieczeństwa Polaków w dekadzie gierkowskiej : bezsilność i zmęczenie, antropologia codzienności w latach 70, Poznań: Wydawnictwo Wyższej Szkoły Bezpieczeństwa 2014
=902  \\$a170219$c141107$dm$eb$f-$g0
=909  \\$ab0000032509029
=916  \\$aKrygier-Łączkowska, Agnieszka   (1967- )
=921  2\$aUniwersytet im. Adama Mickiewicza (Poznań)
=955  \7$aPoezja polska$xstylistyka$y1944-1989 r.$2DBN
=980  \\$aArtykuły
=995  \\$aPolska Bibliografia Literacka$bPBL 2013-2020: rozdziały książek
=996  \\$a.b32509029$9local
=998  \\$ao$av$9local
=999  \\$azk$bkcm$cbp

