=LDR  02309naa a2200541 i 4500
=001  b0000003250937
=005  20200502060054.8
=008  141107s2014\\\\pl\\\\\\\\\\\|000\0\pol\\
=009  991030597109705066
=035  \\$a(EXLNZ-48OMNIS_NETWORK)9910495213205606
=035  \\$a(OCoLC)899909005
=035  \\$a(PL)b0000003250937
=035  \\$a(PL-WaBN)b32509376-48omnis_nlop
=035  \\$a991030597109705066
=035  \\$ab32509376
=040  \\$aWA N$cWA N
=100  1\$aKamińska, Agnieszka
=245  10$aPolska codzienność lat 70. w piosenkach Agnieszki Osieckiej /$cAgnieszka Kamińska ; Wyższa Szkoła Bezpieczeństwa w Poznaniu.
=260  \\$c2014.
=336  \\$aTekst$btxt$2rdacontent
=337  \\$aBez urządzenia pośredniczącego$bn$2rdamedia
=338  \\$aWolumin$bnc$2rdacarrier
=380  \\$iMajor genre$aLiterature$leng
=380  \\$aArtykuły
=381  \\$iMajor genre$aOther$leng
=381  \\$iMajor genre$aLyrical poetry$leng
=504  \\$aBibliogr. s. 176.
=600  17$aOsiecka, Agnieszka$d(1936-1997)$2DBN$1http://viaf.org/viaf/14806445
=648  \7$a1901-2000$2DBN
=648  \7$a1945-1989$2DBN
=650  \7$aŻycie codzienne$xw literaturze polskiej$2DBN
=650  \7$aŻycie codzienne$zPolska$y1956-1989 r.$2DBN
=655  \7$aPiosenka polska$xhistoria$y1956-1989 r.$2DBN
=655  \7$aPoezja polska$xtematyka$y1956-1989 r.$2DBN
=710  2\$aWyższa Szkoła Bezpieczeństwa.$4oth
=773  0\$iW:$tPoczucie bezpieczeństwa Polaków w dekadzie gierkowskiej : bezsilność i zmęczenie, antropologia codzienności w latach 70,$gs. 169-176
=856  42$uhttp://libri.ucl.cas.cz/Record/b0000003244346$ychapter of: Poczucie bezpieczeństwa Polaków w dekadzie gierkowskiej : bezsilność i zmęczenie, antropologia codzienności w latach 70, Poznań: Wydawnictwo Wyższej Szkoły Bezpieczeństwa 2014
=902  \\$a170219$c141107$dm$eb$f-$g0
=909  \\$ab0000032509376
=916  \\$aKamińska, Agnieszka
=921  2\$aWyższa Szkoła Bezpieczeństwa.
=955  \7$aPiosenka polska$xhistoria$y1956-1989 r.$2DBN
=955  \7$aPoezja polska$xtematyka$y1956-1989 r.$2DBN
=980  \\$aArtykuły
=995  \\$aPolska Bibliografia Literacka$bPBL 2013-2020: rozdziały książek
=996  \\$a.b32509376$9local
=998  \\$ao$av$9local
=999  \\$azk$bkcm$cbp

