=LDR  01720naa a2200409 i 4500
=001  b0000003250959
=005  20200502060103.6
=008  141107s2014\\\\pl\\\\\\\\\\\|000\0\pol\\
=009  991030597959705066
=035  \\$a(EXLNZ-48OMNIS_NETWORK)9910445592005606
=035  \\$a(OCoLC)899909204
=035  \\$a(PL)b0000003250959
=035  \\$a(PL-WaBN)b32509595-48omnis_nlop
=035  \\$a991030597959705066
=035  \\$ab32509595
=040  \\$aWA N$cWA N
=100  1\$aDomke, Radosław$d(1981- )$1http://viaf.org/viaf/164493275
=245  10$aFilm polski lat 70. a rzeczywistość społeczna /$cRadosław Domke ; Uniwersytet Zielonogórski.
=260  \\$c2014.
=336  \\$aTekst$btxt$2rdacontent
=337  \\$aBez urządzenia pośredniczącego$bn$2rdamedia
=338  \\$aWolumin$bnc$2rdacarrier
=380  \\$aArtykuły
=504  \\$aBibliogr. s. 309.
=648  \7$a1901-2000$2DBN
=648  \7$a1945-1989$2DBN
=650  \7$aFilm polski$xhistoria$y1956-1989 r.$2DBN
=710  2\$aUniwersytet Zielonogórski$4oth
=773  0\$iW:$tPoczucie bezpieczeństwa Polaków w dekadzie gierkowskiej : bezsilność i zmęczenie, antropologia codzienności w latach 70,$gs. 289-309
=856  42$uhttp://libri.ucl.cas.cz/Record/b0000003244346$ychapter of: Poczucie bezpieczeństwa Polaków w dekadzie gierkowskiej : bezsilność i zmęczenie, antropologia codzienności w latach 70, Poznań: Wydawnictwo Wyższej Szkoły Bezpieczeństwa 2014
=902  \\$a170219$c141107$dm$eb$f-$g0
=909  \\$ab0000032509595
=916  \\$aDomke, Radosław   (1981- )
=921  2\$aUniwersytet Zielonogórski
=980  \\$aArtykuły
=995  \\$aPolska Bibliografia Literacka$bPBL 2013-2020: rozdziały książek
=999  \\$azk$bkcm

