=LDR  02023naa a2200469 i 4500
=001  b0000003250960
=005  20200502060056.6
=008  141107s2013\\\\pl\\\\\\\\\\\|000\0\pol\\
=009  991030597989705066
=035  \\$a(EXLNZ-48OMNIS_NETWORK)9910188254505606
=035  \\$a(OCoLC)899909205
=035  \\$a(PL)b0000003250960
=035  \\$a(PL-WaBN)b32509601-48omnis_nlop
=035  \\$a991030597989705066
=035  \\$ab32509601
=040  \\$aWA N$cWA N
=100  1\$aKulak, Teresa$d(1941- )$1http://viaf.org/viaf/59148251
=245  10$a"Luzak i dyletant" :$bMaria Dąbrowska (1889-1965) o swojej działalności politycznej na łamach Dzienników z lat pierwszej wojny światowej /$cTeresa Kulak.
=246  30$aMaria Dąbrowska (1889-1965) o swojej działalności politycznej na łamach Dzienników z lat pierwszej wojny światowej
=260  \\$c2013.
=336  \\$aTekst$btxt$2rdacontent
=337  \\$aBez urządzenia pośredniczącego$bn$2rdamedia
=338  \\$aWolumin$bnc$2rdacarrier
=380  \\$iMajor genre$aLiterature$leng
=380  \\$aArtykuły
=381  \\$iMajor genre$aOther$leng
=600  17$aDąbrowska, Maria$d(1889-1965)$tDzienniki$2DBN$1http://viaf.org/viaf/4947270
=648  \7$a1901-2000$2DBN
=648  \7$a1914-1918$2DBN
=650  \7$aKobieta$xa polityka$zPolska$y1914-1918 r.$2DBN
=655  \7$aPamiętniki polskie$xhistoria$y1914-1918 r.$2DBN
=773  0\$iW:$tPolska w XIX i XX wieku : społeczeństwo i gospodarka,$gs. 337-350
=856  42$uhttp://libri.ucl.cas.cz/Record/b0000003206279$ychapter of: Polska w XIX i XX wieku : społeczeństwo i gospodarka, Kielce: Wydawnictwo Uniwersytetu Jana Kochanowskiego 2013
=902  \\$a170219$c141007$dm$eb$f-$g0
=909  \\$ab0000032509601
=916  \\$aKulak, Teresa   (1941- )
=955  \7$aPamiętniki polskie$xhistoria$y1914-1918 r.$2DBN
=980  \\$aArtykuły
=995  \\$aPolska Bibliografia Literacka$bPBL 2013-2020: rozdziały książek
=996  \\$a.b32509601$9local
=998  \\$ao$av$9local
=999  \\$azk$ban$bil

