=LDR  02094naa a2200505 i 4500
=001  b0000003251002
=005  20200502060132.7
=008  141107s2013\\\\pl\\\\\\\\\\\|000\0\pol\\
=009  991030599499705066
=035  \\$a(EXLNZ-48OMNIS_NETWORK)9910138409805606
=035  \\$a(OCoLC)899909379
=035  \\$a(PL)b0000003251002
=035  \\$a(PL-WaBN)b32510020-48omnis_nlop
=035  \\$a991030599499705066
=035  \\$ab32510020
=040  \\$aWA N$cWA N
=100  1\$aLitwiński, Robert$d(1971- )
=245  10$aPiłsudski, Śmigły, Składkowski w świetle dzienników Kordiana Zamorskiego z lat 1930-1938 /$cRobert Litwiński.
=260  \\$c2013.
=336  \\$aTekst$btxt$2rdacontent
=337  \\$aBez urządzenia pośredniczącego$bn$2rdamedia
=338  \\$aWolumin$bnc$2rdacarrier
=380  \\$iMajor genre$aLiterature$leng
=380  \\$aArtykuły
=381  \\$iMajor genre$aOther$leng
=600  17$aPiłsudski, Jȯzef$d(1867-1935)$2DBN$1http://viaf.org/viaf/46782964
=600  17$aRydz-Śmigły, Edward$d(1886-1941)$2DBN$1http://viaf.org/viaf/52488093
=600  17$aSkładkowski, Felicjan Sławoj$d(1885-1962)$2DBN$1http://viaf.org/viaf/61673977
=600  17$aZamorski, Józef Kordian$d(1890-1983)$2DBN
=648  \7$a1901-2000$2DBN
=648  \7$a1918-1939$2DBN
=650  \7$aPolitycy$zPolska$y1918-1939 r.$2DBN
=650  \7$aWojsko$zPolska$y1918-1939 r.$2DBN
=655  \7$aPamiętniki polskie$xhistoria$y1918-1939 r.$2DBN
=773  0\$iW:$tPolska w XIX i XX wieku : społeczeństwo i gospodarka,$gs. 485-494
=856  42$uhttp://libri.ucl.cas.cz/Record/b0000003206279$ychapter of: Polska w XIX i XX wieku : społeczeństwo i gospodarka, Kielce: Wydawnictwo Uniwersytetu Jana Kochanowskiego 2013
=902  \\$a170219$c141007$dm$eb$f-$g0
=909  \\$ab0000032510020
=916  \\$aLitwiński, Robert   (1971- )
=955  \7$aPamiętniki polskie$xhistoria$y1918-1939 r.$2DBN
=980  \\$aArtykuły
=995  \\$aPolska Bibliografia Literacka$bPBL 2013-2020: rozdziały książek
=996  \\$a.b32510020$9local
=998  \\$ao$av$9local
=999  \\$azk$ban$bil

