=LDR  01925naa a2200457 i 4500
=001  b0000003251185
=005  20200502060106.7
=008  141108s2014\\\\pl\\\\\\\\\\\|000\0\pol\\
=009  991030606729705066
=035  \\$a(EXLNZ-48OMNIS_NETWORK)9910185964005606
=035  \\$a(OCoLC)899910046
=035  \\$a(PL)b0000003251185
=035  \\$a(PL-WaBN)b32511851-48omnis_nlop
=035  \\$a991030606729705066
=035  \\$ab32511851
=040  \\$aWA N$cWA N
=100  1\$aHalkiewicz-Sojak, Grażyna$d(1952- )$1http://viaf.org/viaf/101798559
=245  10$aCzy filozof może być prorokiem? :$bprzyczynek do poezji historiozoficznej Zygmunta Krasińskiego /$cGrażyna Halkiewicz-Hojak ; Uniwersytet Mikołaja Kopernika.
=260  \\$c2014.
=336  \\$aTekst$btxt$2rdacontent
=337  \\$aBez urządzenia pośredniczącego$bn$2rdamedia
=338  \\$aWolumin$bnc$2rdacarrier
=380  \\$iMajor genre$aLiterature$leng
=380  \\$aArtykuły
=381  \\$iMajor genre$aLyrical poetry$leng
=600  17$aKrasiński, Zygmunt$d(1926- )$2DBN$1http://viaf.org/viaf/22162115815802110159
=648  \7$a1801-1900$2DBN
=655  \7$aPoezja polska$xhistoria$y19 w.$2DBN
=710  2\$aUniwersytet Mikołaja Kopernika (Toruń)$4oth
=773  0\$iW:$tZygmunt Krasiński : światy poetyckie i artystowskie,$gs. 9-18
=856  42$uhttp://libri.ucl.cas.cz/Record/b0000003235639$ychapter of: Zygmunt Krasiński : światy poetyckie i artystowskie, Toruń: Wydawnictwo Naukowe Uniwersytetu Mikołaja Kopernika 2014
=902  \\$a170227$c141108$dm$eb$f-$g0
=909  \\$ab0000032511851
=916  \\$aHalkiewicz-Sojak, Grażyna   (1952- )
=921  2\$aUniwersytet Mikołaja Kopernika (Toruń)
=955  \7$aPoezja polska$xhistoria$y19 w.$2DBN
=980  \\$aArtykuły
=995  \\$aPolska Bibliografia Literacka$bPBL 2013-2020: rozdziały książek
=996  \\$a.b32511851$9local
=998  \\$ao$av$9local
=999  \\$azk$bezm

