=LDR  01858naa a2200457 i 4500
=001  b0000003251188
=005  20200502060116.7
=008  141108s2014\\\\pl\\\\\\\\\\\|000\0\pol\\
=009  991030606829705066
=035  \\$a(EXLNZ-48OMNIS_NETWORK)9910474254405606
=035  \\$a(OCoLC)899910048
=035  \\$a(PL)b0000003251188
=035  \\$a(PL-WaBN)b32511887-48omnis_nlop
=035  \\$a991030606829705066
=035  \\$ab32511887
=040  \\$aWA N$cWA N
=100  1\$aSzargot, Maciej$d(1966- )$1http://viaf.org/viaf/161412009
=245  10$aRomantyk pisze modlitewnik :$bwokół ("modlitw") Krasińskiego /$cMaciej Szargut ; Uniwersytet Jana Kochanowskiego.
=260  \\$c2014.
=336  \\$aTekst$btxt$2rdacontent
=337  \\$aBez urządzenia pośredniczącego$bn$2rdamedia
=338  \\$aWolumin$bnc$2rdacarrier
=380  \\$iMajor genre$aLiterature$leng
=380  \\$aArtykuły
=381  \\$iMajor genre$aLyrical poetry$leng
=600  17$aKrasiński, Zygmunt$d(1926- )$2DBN$1http://viaf.org/viaf/22162115815802110159
=648  \7$a1801-1900$2DBN
=655  \7$aPoezja polska$xhistoria$y19 w.$2DBN
=710  2\$aUniwersytet Jana Kochanowskiego (Kielce)$4oth
=773  0\$iW:$tZygmunt Krasiński : światy poetyckie i artystowskie,$gs. 19-33
=856  42$uhttp://libri.ucl.cas.cz/Record/b0000003235639$ychapter of: Zygmunt Krasiński : światy poetyckie i artystowskie, Toruń: Wydawnictwo Naukowe Uniwersytetu Mikołaja Kopernika 2014
=902  \\$a170219$c141108$dm$eb$f-$g0
=909  \\$ab0000032511887
=916  \\$aSzargot, Maciej   (1966- )
=921  2\$aUniwersytet Jana Kochanowskiego (Kielce)
=955  \7$aPoezja polska$xhistoria$y19 w.$2DBN
=980  \\$aArtykuły
=995  \\$aPolska Bibliografia Literacka$bPBL 2013-2020: rozdziały książek
=996  \\$a.b32511887$9local
=998  \\$ao$av$9local
=999  \\$azk$bezm

