=LDR  01952naa a2200469 i 4500
=001  b0000003251191
=005  20200502060020.2
=008  141108s2014\\\\pl\\\\\\\\\\\|000\0\pol\\
=009  991030606969705066
=035  \\$a(EXLNZ-48OMNIS_NETWORK)9910453777605606
=035  \\$a(OCoLC)899910084
=035  \\$a(PL)b0000003251191
=035  \\$a(PL-WaBN)b32511917-48omnis_nlop
=035  \\$a991030606969705066
=035  \\$ab32511917
=040  \\$aWA N$cWA N
=100  1\$aDąbrowicz, Elżbieta
=245  10$a"Agaj-Han" jako świadectwo lektury "Dziejów panowania Zygmunta III" Juliana Ursyna Niemcewicza /$cElżbieta Dąbrowicz ; Uniwersytet w Białymstoku.
=260  \\$c2014.
=336  \\$aTekst$btxt$2rdacontent
=337  \\$aBez urządzenia pośredniczącego$bn$2rdamedia
=338  \\$aWolumin$bnc$2rdacarrier
=380  \\$iMajor genre$aLiterature$leng
=380  \\$aArtykuły
=381  \\$iMajor genre$aFiction$leng
=600  17$aKrasiński, Zygmunt$d(1926- )$tAgaj-Han$2DBN$1http://viaf.org/viaf/22162115815802110159
=600  17$aNiemcewicz, Julian Ursyn$d(1758-1841)$tDzieje panowania Zygmunta III$2DBN$1http://viaf.org/viaf/3265987
=648  \7$a1801-1900$2DBN
=655  \7$aPowieść polska$xhistoria$y19 w.$2DBN
=710  2\$aUniwersytet w Białymstoku$4oth
=773  0\$iW:$tZygmunt Krasiński : światy poetyckie i artystowskie,$gs. 61-82
=856  42$uhttp://libri.ucl.cas.cz/Record/b0000003235639$ychapter of: Zygmunt Krasiński : światy poetyckie i artystowskie, Toruń: Wydawnictwo Naukowe Uniwersytetu Mikołaja Kopernika 2014
=902  \\$a170219$c141108$dm$eb$f-$g0
=909  \\$ab0000032511917
=916  \\$aDąbrowicz, Elżbieta
=921  2\$aUniwersytet w Białymstoku
=955  \7$aPowieść polska$xhistoria$y19 w.$2DBN
=980  \\$aArtykuły
=995  \\$aPolska Bibliografia Literacka$bPBL 2013-2020: rozdziały książek
=996  \\$a.b32511917$9local
=998  \\$ao$av$9local
=999  \\$azk$bezm

