=LDR  01833naa a2200457 i 4500
=001  b0000003251193
=005  20200502060050.8
=008  141108s2014\\\\pl\\\\\\\\\\\|000\0\pol\\
=009  991030607069705066
=035  \\$a(EXLNZ-48OMNIS_NETWORK)9910182540205606
=035  \\$a(OCoLC)899909925
=035  \\$a(PL)b0000003251193
=035  \\$a(PL-WaBN)b32511930-48omnis_nlop
=035  \\$a991030607069705066
=035  \\$ab32511930
=040  \\$aWA N$cWA N
=100  1\$aKalinowski, Daniel$d(1969- )$1http://viaf.org/viaf/60275421
=245  10$aOd fascynacji do negacji :$bmit Wschodu w "Agaj-Hanie" /$cDaniel Kalinowski ; Akademia Pomorska w Słupsku.
=260  \\$c2014.
=336  \\$aTekst$btxt$2rdacontent
=337  \\$aBez urządzenia pośredniczącego$bn$2rdamedia
=338  \\$aWolumin$bnc$2rdacarrier
=380  \\$iMajor genre$aLiterature$leng
=380  \\$aArtykuły
=381  \\$iMajor genre$aFiction$leng
=600  17$aKrasiński, Zygmunt$d(1926- )$tAgaj-Han$2DBN$1http://viaf.org/viaf/22162115815802110159
=648  \7$a1801-1900$2DBN
=655  \7$aPowieść polska$xhistoria$y19 w.$2DBN
=710  2\$aAkademia Pomorska (Słupsk)
=773  0\$iW:$tZygmunt Krasiński : światy poetyckie i artystowskie,$gs. 83-101
=856  42$uhttp://libri.ucl.cas.cz/Record/b0000003235639$ychapter of: Zygmunt Krasiński : światy poetyckie i artystowskie, Toruń: Wydawnictwo Naukowe Uniwersytetu Mikołaja Kopernika 2014
=902  \\$a170907$c141108$dm$eb$f-$g0
=909  \\$ab0000032511930
=916  \\$aKalinowski, Daniel   (1969- )
=921  2\$aAkademia Pomorska (Słupsk)
=955  \7$aPowieść polska$xhistoria$y19 w.$2DBN
=980  \\$aArtykuły
=995  \\$aPolska Bibliografia Literacka$bPBL 2013-2020: rozdziały książek
=996  \\$a.b32511930$9local
=998  \\$ao$av$9local
=999  \\$azk$bezm

