=LDR  01805naa a2200457 i 4500
=001  b0000003251200
=005  20200502060101.7
=008  141108s2014\\\\pl\\\\\\\\\\\|000\0\pol\\
=009  991030607339705066
=035  \\$a(EXLNZ-48OMNIS_NETWORK)9910131096805606
=035  \\$a(OCoLC)899910103
=035  \\$a(PL)b0000003251200
=035  \\$a(PL-WaBN)b32512004-48omnis_nlop
=035  \\$a991030607339705066
=035  \\$ab32512004
=040  \\$aWA N$cWA N
=100  1\$aChlebowski, Piotr
=245  10$aIrydiona podróż do kresu nocy /$cPiotr Chlebowski ; Katolicki Uniwersytet Lubelski Jana Pawła II.
=260  \\$c2014.
=336  \\$aTekst$btxt$2rdacontent
=337  \\$aBez urządzenia pośredniczącego$bn$2rdamedia
=338  \\$aWolumin$bnc$2rdacarrier
=380  \\$iMajor genre$aLiterature$leng
=380  \\$aArtykuły
=381  \\$iMajor genre$aDrama$leng
=600  17$aKrasiński, Zygmunt$d(1926- )$tIrydion$2DBN$1http://viaf.org/viaf/22162115815802110159
=648  \7$a1801-1900$2DBN
=655  \7$aDramat polski$xhistoria$y19 w.$2DBN
=710  2\$aKatolicki Uniwersytet Lubelski Jana Pawła II$4oth
=773  0\$iW:$tZygmunt Krasiński : światy poetyckie i artystowskie,$gs. 145-160
=856  42$uhttp://libri.ucl.cas.cz/Record/b0000003235639$ychapter of: Zygmunt Krasiński : światy poetyckie i artystowskie, Toruń: Wydawnictwo Naukowe Uniwersytetu Mikołaja Kopernika 2014
=902  \\$a170219$c141108$dm$eb$f-$g0
=909  \\$ab0000032512004
=916  \\$aChlebowski, Piotr
=921  2\$aKatolicki Uniwersytet Lubelski Jana Pawła II
=955  \7$aDramat polski$xhistoria$y19 w.$2DBN
=980  \\$aArtykuły
=995  \\$aPolska Bibliografia Literacka$bPBL 2013-2020: rozdziały książek
=996  \\$a.b32512004$9local
=998  \\$ao$av$9local
=999  \\$azk$bezm

