=LDR  01581naa a2200409 i 4500
=001  b0000003251204
=005  20200502060142.9
=008  141108s2014\\\\pl\\\\\\\\\\\|000\0\pol\\
=009  991030607499705066
=035  \\$a(EXLNZ-48OMNIS_NETWORK)9910090401205606
=035  \\$a(OCoLC)899910135
=035  \\$a(PL)b0000003251204
=035  \\$a(PL-WaBN)b32512041-48omnis_nlop
=035  \\$a991030607499705066
=035  \\$ab32512041
=040  \\$aWA N$cWA N
=100  1\$aHoffmann-Piotrowska, Ewa
=245  10$aKrasiński i mistyka /$cEwa Hoffmann-Piotrowska ; Uniwersytet Warszawski.
=260  \\$c2014.
=336  \\$aTekst$btxt$2rdacontent
=337  \\$aBez urządzenia pośredniczącego$bn$2rdamedia
=338  \\$aWolumin$bnc$2rdacarrier
=380  \\$aArtykuły
=600  17$aKrasiński, Zygmunt$d(1926- )$xa mistyka$2DBN$1http://viaf.org/viaf/22162115815802110159
=650  \7$aMistyka$xw literaturze polskiej$2DBN
=710  2\$aUniwersytet Warszawski$4oth
=773  0\$iW:$tZygmunt Krasiński : światy poetyckie i artystowskie,$gs. 161-188
=856  42$uhttp://libri.ucl.cas.cz/Record/b0000003235639$ychapter of: Zygmunt Krasiński : światy poetyckie i artystowskie, Toruń: Wydawnictwo Naukowe Uniwersytetu Mikołaja Kopernika 2014
=902  \\$a170219$c141108$dm$eb$f-$g0
=909  \\$ab0000032512041
=916  \\$aHoffmann-Piotrowska, Ewa
=921  2\$aUniwersytet Warszawski
=980  \\$aArtykuły
=995  \\$aPolska Bibliografia Literacka$bPBL 2013-2020: rozdziały książek
=996  \\$a.b32512041$9local
=998  \\$ao$av$9local
=999  \\$azk$bezm

