=LDR  02017naa a2200469 i 4500
=001  b0000003251205
=005  20200502060027.0
=008  141108s2014\\\\pl\\\\\\\\\\\|000\0\pol\\
=009  991030607539705066
=035  \\$a(EXLNZ-48OMNIS_NETWORK)9910177457105606
=035  \\$a(OCoLC)899910136
=035  \\$a(PL)b0000003251205
=035  \\$a(PL-WaBN)b32512053-48omnis_nlop
=035  \\$a991030607539705066
=035  \\$ab32512053
=040  \\$aWA N$cWA N
=100  1\$aPowązka, Elżbieta
=245  10$a"Amor sacer, amor profanus" :$bo doświadczeniu mistycznym podmiotu lirycznego "Ułamka naśladowanego z Glozy św. Teresy" Zygmunta Krasińskiego /$cElżbieta Powązka ; Uniwersytet Pedagogiczny im. KEN.
=260  \\$c2014.
=336  \\$aTekst$btxt$2rdacontent
=337  \\$aBez urządzenia pośredniczącego$bn$2rdamedia
=338  \\$aWolumin$bnc$2rdacarrier
=380  \\$iMajor genre$aLiterature$leng
=380  \\$aArtykuły
=381  \\$iMajor genre$aLyrical poetry$leng
=600  17$aKrasiński, Zygmunt$d(1926- )$xa mistyka$2DBN$1http://viaf.org/viaf/22162115815802110159
=648  \7$a1801-1900$2DBN
=650  \7$aMistyka$xw literaturze polskiej$2DBN
=655  \7$aPoezja polska$xhistoria$y19 w.$2DBN
=710  2\$aUniwersytet Pedagogiczny im. Komisji Edukacji Narodowej (Kraków)$4oth
=773  0\$iW:$tZygmunt Krasiński : światy poetyckie i artystowskie,$gs. 189-206
=856  42$uhttp://libri.ucl.cas.cz/Record/b0000003235639$ychapter of: Zygmunt Krasiński : światy poetyckie i artystowskie, Toruń: Wydawnictwo Naukowe Uniwersytetu Mikołaja Kopernika 2014
=902  \\$a170313$c141108$dm$eb$f-$g0
=909  \\$ab0000032512053
=916  \\$aPowązka, Elżbieta
=921  2\$aUniwersytet Pedagogiczny im. Komisji Edukacji Narodowej (Kraków)
=955  \7$aPoezja polska$xhistoria$y19 w.$2DBN
=980  \\$aArtykuły
=995  \\$aPolska Bibliografia Literacka$bPBL 2013-2020: rozdziały książek
=996  \\$a.b32512053$9local
=998  \\$ao$av$9local
=999  \\$azk$bezm
